3192 5534
402 814 514 930 ’μίν
617 813 822 914 PRAE
859 813 894 911 1²
927 808 1115 955 AT}
1152 798 1221 915 o?

399 1011 772 1119 mncmstctietatcm
784 1009 1377 1122 &fastidium...„...vcrit,cli-

399 1125 816 1238 gunsquepraptereb
833 1148 947 1232 quem
964 1123 1137 1234 ingenua
1151 1122 1377 1225 adulescen-

402 1237 469 1316 tia
503 1231 715 1421 circumlui
767 1247 772 1270 ⁵
813 1230 1009 1342 quotidie,
1047 1232 1092 1312 in
1136 1257 1379 1344 numeroque

400 1342 589 1424 bonorum
605 1340 638 1419 li
665 1365 723 1422 rar
819 1341 996 1436 collocet,
1021 1348 1314 1462 numquamque
1333 1342 1380 1424 de

400 1450 587 1535 manibus
617 1455 727 1559 depun
783 1476 802 1534 ·.
859 1450 889 1563 0⁶<
929 1477 992 1559 arn
1014 1476 1098 1533 rem
1121 1475 1197 1531 uon
1209 1451 1381 1560 perspi.

403 1562 511 1644 biam
526 1562 653 1665 fuiffe
680 1563 735 1641 iis
753 1595 775 1670 J
874 1559 1012 1654 calm,
1030 1559 1191 1672 quibus
1214 1558 1263 1641 il
1280 1577 1382 1668 pra·
1413 1631 1418 1642 .

405 1667 558 1752 vincia
576 1669 787 1763 incumbit,
798 1671 1033 1776 sebn'crnm
1047 1668 1382 1753 uimirnmCurc·

405 1778 856 1891 corilusmoleraroric'
911 1779 1293 1892 'quemiratusstcm
1303 1805 1381 1861 mc·

403 1916 494 1972 cum
507 1888 734 1998 sapiffimb,
766 1917 832 2002 neq
887 1918 892 1941 ·
927 1891 1041 1972 clhuc
1066 1889 1219 1971 mirari
1241 1886 1382 1994 destun:

401 1999 630 2105 Meisensa
648 2006 776 2081 animi
789 1998 865 2079 bac
882 2011 931 2080 de
948 2028 1007 2093 re,
1040 2000 1105 2080 uli
1119 1999 1309 2093 liberum,
1336 2023 1382 2082 aa
1416 2070 1418 2092 ‚

404 2109 564 2191 nullius
591 2110 634 2190 in
656 2110 785 2193 verba
796 2110 1012 2221 juratum,
1042 2107 1236 2211 homiuem
1250 2105 1380 2204 dcccl,

405 2217 537 2300 liberi
559 2221 729 2327 aperui;
759 2247 848 2332 qua
873 2236 1006 2301 tamen
1036 2219 1086 2299 ab
1120 2219 1288 2312 nemine,
1321 2217 1412 2301 nti:

405 2328 510 2408 mala
528 2328 578 2406 ab
593 2331 724 2407 animo
746 2328 1213 2442 nequaquamprufeiia,
1236 2327 1383 2413 malane

409 2439 454 2516 in
468 2450 635 2542 partem
661 2437 794 2541 accipi
825 2443 964 2523 uelim.
1020 2440 1199 2549 Aguastn
1224 2436 1382 2548 quiden

409 2544 702 2651 lnbcnsfatear
733 2569 793 2636 ue,
808 2568 1021 2653 numquam
1040 2573 1124 2624 eam
1134 2550 1259 2647 suisli
1276 2540 1382 2658 copi

408 2655 696 2759 amsacrarum
704 2568 891 2763 inustam
906 2655 1128 2760 carminum
1144 2656 1383 2761 eiccmplarn'i¹

407 2772 497 2856 um,
522 2789 609 2874 qua
619 2762 886 2872 juventutis,
913 2763 956 2844 in
967 2762 1122 2868 scholis
1128 2763 1297 2872 patriis
1308 2781 1381 2876 per

408 2888 539 2954 tutam
554 2871 731 2953 Scotiam
742 2869 924 2953 Latinas
940 2874 1091 2954 literas
1102 2871 1325 2974 discentis,
1342 2898 1380 2959 cr

408 2981 636 3096 fibnssatis
651 2985 723 3086 effe
731 2996 943 3089 poteraut,
961 2981 1038 3091 fied
1053 2983 1094 3070 ὅ
1112 2983 1296 3090 imprimi
1314 3008 1386 3075 um

375 3168 378 3175 .
409 3093 545 3174 mincis
590 3092 684 3184 naim
700 3093 781 3172 alii
797 3091 914 3185 libri,
928 3092 1161 3198 scholarum
1183 3092 1330 3176 itidem
1346 3119 1385 3176 u·

402 3203 476 3308 fui
505 3118 708 3307 duliiani,
743 3203 894 3284 iterum
907 3218 1108 3309 poterant
1134 3203 1387 3315 iterumquce¹

412 3311 522 3424 quod
536 3311 576 3399 &
595 3337 665 3391 nos
674 3314 857 3420 periculi
864 3312 1052 3416 faciendi
1062 3313 1216 3425 gracia*
1231 3315 1276 3394 in
1277 3320 1389 3422 'prae

404 3420 544 3528 sentia
574 3420 742 3528 scilieet
765 3420 961 3528 ferimur,
1001 3428 1077 3533 qui
1113 3424 1226 3504 mille
1256 3450 1385 3520 exem·

298 3592 305 3599 .
409 3531 553 3638 pluria
575 3533 789 3635 sacrorum
822 3528 1008 3640 Jcnstoni
1035 3539 1276 3625 carminum,
1311 3536 1393 3616 uni(

371 3646 377 3652 “
415 3664 506 3720 cum
528 3641 593 3723 D.
624 3639 805 3746 Joanuis
829 3641 962 3723 Kerri
994 3644 1149 3722 cantici
1173 3643 1387 3726 Solomonis

293 3801 295 3805 «
408 3747 662 3856 paraphrast
672 3751 848 3859 gemina,
885 3775 932 3828 ac
959 3751 1132 3833 Rabcrti
1160 3754 1287 3834 etiam
1305 3752 1387 3838 Bc·

416 3856 481 3938 dii
511 3858 560 3954 ab
592 3855 860 3968 neochoregea
876 3857 1118 3947 Hecatombe
1141 3862 1393 3969 Christiana,-

416 3967 545 4078 (qnad
565 3967 882 4074 carmcnpueris
902 3970 996 4050 alim
1009 3972 1184 4084 prplcgi
1199 3973 1399 4078 solitura,¹

415 4077 609 4187 cujusque
635 4078 819 4158 aubiaris
840 4077 890 4158 ab
918 4078 1108 4160 laudibus
1133 4099 1211 4192 pre
1242 4084 1388 4166 merito

415 4185 669 4268 celebrandis
698 4186 787 4265 ideo
814 4187 1081 4296 abstinendum
1119 4191 1232 4281 nobis
1270 4190 1387 4283 duxi,-

408 4320 518 4394 mus,
530 4298 713 4407 quoniam
721 4322 808 4378 eam
817 4294 939 4383 brevi
947 4300 1209 4410 prouinciam
1224 4300 1277 4384 ab
1287 4304 1391 4391 alio,

1346 4431 1388 4505 ll
