3192 5534
463 749 958 863 bonomonte

255 908 271 984 p·
309 895 463 981 Capream
481 894 673 960 cursu'celer
690 899 850 965 antevertit

312 985 372 1048 Ille
391 977 534 1045 Diledus
551 996 652 1062 meus,
671 996 723 1046 aut
739 985 904 1050 volucrem

311 1065 488 1132 Hinuulum
503 1062 601 1126 vincit
616 1063 712 1131 citus:
732 1071 823 1132 ecee!
844 1069 964 1138 notra

426 1145 536 1211 Adstar
551 1144 590 1208 ad
607 1145 701 1227 adem

314 1230 421 1312 Atque
435 1227 592 1293 subridens
611 1229 685 1292 mihi
702 1248 754 1312 per
768 1228 915 1300 fenestras

314 1312 483 1395 Prospieit3
503 1313 636 1375 clathros
654 1312 751 1379 dat&
769 1315 951 1386 intuendtun

314 1397 356 1464 Se
372 1415 425 1480 per
440 1409 574 1478 auratos,
592 1396 676 1459 tenui
691 1397 818 1463 subinde

427 1477 518 1542 Luce
530 1479 709 1543 micantem.

255 1582 269 1628 o
310 1561 377 1626 Ore
394 1557 538 1646 Dilebius
554 1578 642 1626 meus
659 1563 701 1628 esi
720 1565 858 1650 locutus,

315 1645 383 1710 Ore
401 1647 441 1709 src
457 1661 570 1708 vocem
588 1642 682 1729 dedit,
703 1644 725 1710 ὁ
742 1646 859 1715 Amica
903 1682 905 1684 v

315 1725 372 1795 Tu
382 1746 462 1810 mea,
475 1726 496 1790 b
509 1731 631 1809 pulcras
643 1746 715 1793 mea
726 1728 994 1818 Puluravinceus,

429 1809 538 1896 Surge,
556 1811 670 1876 venito.

256 1916 268 1962 t
312 1893 377 1960 Eu!
399 1893 496 1958 hiems
512 1893 592 1976 fugit
607 1893 724 1959 nivium
740 1896 888 1977 procellis

317 1980 343 2043 F
347 1991 419 2059 oetu,
437 1976 579 2041 nimbosis
597 1977 767 2059 rapidisque
781 1982 882 2045 ventis

310 2061 467 2138 'Saeviens:
487 2059 580 2145 fugit,
596 2058 865 2138 madidisxreceffit

431 2145 531 2208 ltnber
548 2144 578 2208 &
593 2143 662 2207 alis.

255 2230 272 2292 2'
314 2225 463 2291 Floribus
475 2229 567 2291 tellus
583 2227 674 2292 variis
690 2225 803 2292 amiur
819 2226 879 2293 est:
931 2235 934 2240 ’

270 2355 276 2364 .
317 2307 417 2374 Nunc
434 2329 506 2374 aves
524 2327 627 2374 ramos
645 2311 802 2374 celebrant
817 2327 946 2376 amoenv

319 2393 460 2460 Garrulae
474 2407 586 2471 cantu3·
604 2393 795 2477 gemitusque
805 2391 905 2458 reddit
957 2432 959 2437 ·

436 2473 602 2561 Turturin
619 2475 709 2561 agris.

255 2583 273 2650 3
316 2560 387 2640 Jam
403 2559 464 2623 suis
484 2561 562 2622 ficus
580 2575 719 2624 tumuere
734 2559 858 2647 grosfis:

318 2645 426 2708 Vinea
440 2641 575 2707 fundunt
590 2644 699 2710 teneris
714 2645 847 2708 racemis

317 2726 443 2793 Halitus
459 2725 580 2790 suaves,
607 2725 689 2790 Mea
703 2726 830 2808 Amica,
845 2723 971 2810 Pulcra,

434 2806 543 2892 Surge,
557 2808 670 2874 venito.

255 2913 274 2977 4
312 2889 346 2955 O
363 2908 435 2953 mea
449 2891 479 2954 in
495 2905 586 2972 petra
599 2892 722 2957 salebris
739 2895 897 2977 columba,

317 2972 441 3039 Abditis
456 2973 570 3038 haerens
584 2977 736 3058 graduum
751 2977 884 3061 latebris,

319 3058 383 3123 Fac
400 3072 487 3122 tuam
503 3073 628 3121 cernant
643 3057 769 3139 faciem,
784 3076 961 3137 precamur,

429 3137 567 3203 Lumina
581 3137 700 3221 nostra3

319 3221 405 3290 Aure
421 3221 462 3283 da
477 3219 554 3284 lenis
571 3217 734 3300 facilisque
748 3235 865 3282 vocem

318 3305 486 3372 Hauriam:
503 3302 587 3366 mavi
603 3317 656 3380 rua
669 3320 730 3368 vox
746 3304 874 3383 loquela

319 3388 387 3454 Ore
401 3387 554 3470 dimanat,-
566 3384 741 3468 faciernque
756 3385 859 3470 pingit

431 3470 528 3536 Grata
541 3468 690 3534 venustas.

255 3571 277 3642 '5
318 3553 457 3620 Caffibus
473 3557 582 3635 vulpes
598 3553 766 3635 capiantur,
780 3548 843 3616 und

322 3637 475 3721 Vulpium
491 3636 569 3719 pulli
585 3655 721 3720 quoque,
735 3635 848 3717 quippe
861 3634 943 3702 vites
968 3707 970 3712 ,

321 3719 426 3787 Dente
442 3720 495 3801 qui
510 3717 633 3786 rodant:
649 3734 759 3789 tenera
773 3718 932 3805 resurgunt

435 3803 557 3868 Viribus
573 3822 649 3867 uva.
823 3836 827 3841 ·

255 3892 280 3956 6
321 3887 386 3971 Qui
401 3887 458 3951 suo
472 3889 608 3951 nostrum
621 3887 711 3970 jecur
726 3885 786 3951 urit
799 3887 870 3974 igne

321 3971 375 4036 Est
392 3988 494 4038 meus:
510 3990 568 4036 nec
584 3990 649 4036 non
663 3988 728 4058 ego>
733 3971 803 4053 jure
818 3969 890 4035 cesi

322 4053 456 4138 Optimo
466 4055 524 4137 illi,
540 4072 638 4136 quern·
641 4055 729 4140 juvat
739 4054 816 4121 inter
824 4057 896 4121 alba

444 4135 528 4200 Lilia
541 4139 633 4218 pasci.
754 4184 757 4187 -

260 4241 278 4307 7
320 4217 410 4286 Dum
427 4220 491 4284 dies
507 4218 612 4285 vetlus
628 4221 725 4284 rutilis
741 4219 896 4303 quadrigis
972 4252 976 4257 -

325 4303 486 4375 Lucidum
499 4304 591 4377 tollas
606 4317 709 4402 capvt,
724 4320 817 4388 atque
830 4300 930 4373 fusca

1131 773 1202 858 tta

1070 4385 1208 4488 Avolerd
