3192 5534
531 753 1077 864 DEDICATIO.
1267 767 1322 867 xi

332 970 501 1070 omnia
525 963 641 1066 aden
665 959 923 1087 manifeste,
945 957 1141 1101 ipsique
1163 961 1314 1066 faten-

332 1135 384 1206 te
407 1101 602 1228 invidia,
643 1110 693 1202 in
728 1107 806 1204 Te
842 1139 986 1241 quum
1011 1111 1076 1202 ita
1097 1099 1143 1202 se
1166 1099 1315 1206 habe·

326 1273 433 1370 ant,
458 1252 544 1366 uti,
585 1239 759 1342 etiamsi
790 1251 892 1379 quis
918 1249 1121 1342 maxime
1149 1244 1309 1370 vellet,

328 1379 390 1482 ab
421 1390 613 1483 nemine
638 1382 909 1480 mortalium
936 1377 1084 1478 refelli
1109 1413 1308 1518 queant;

327 1519 574 1620 adnullius
591 1557 666 1618 me
691 1520 894 1642 alterius,
911 1523 1068 1656 potitis
1092 1520 1308 1656 quamad

324 1660 513 1781 Tuum,
539 1657 612 1756 vel
641 1653 840 1758 debuiffe
878 1658 952 1756 vel
991 1656 1188 1794 potuiffe
1220 1694 1307 1795 pa-

324 1803 584 1894 trocinium
600 1793 873 1932 confugere,
886 1797 1005 1919 luce,
1034 1794 1185 1931 spem,
1200 1833 1303 1896 me-

326 1931 512 2037 ridiani
535 1934 704 2034 claritis
729 1931 946 2033 omnibus
978 1932 1172 2072 patebit.

394 2079 479 2171 Ex
502 2103 642 2171 tantae
667 2109 786 2210 ergo
808 2070 962 2172 salutis
988 2105 1165 2172 aeternae
1188 2109 1303 2210 pro-

323 2210 538 2310 curandae
562 2210 818 2347 vigilantiae
855 2207 1157 2328 conscientia,
1206 2236 1305 2306 tot-

325 2382 418 2482 que
451 2357 574 2446 reike
604 2349 853 2466 iacentum,
891 2347 948 2442 ad
976 2351 1159 2444 Divinae
1180 2345 1301 2481 legis

327 2512 674 2619 praeceptorum
721 2516 937 2580 normam
983 2509 1121 2618 atque
1161 2479 1300 2585 state-

320 2656 426 2721 ram
472 2623 614 2755 quam
641 2626 874 2754 proxime,
900 2615 996 2717 hoc
1025 2618 1106 2744 est,
1145 2657 1296 2757 quan-

319 2785 424 2858 tum
455 2755 669 2859 humanae
690 2752 825 2855 sortis
862 2756 1076 2856 conditio
1100 2766 1294 2893 patitur,

321 2904 592 2996 maestorum
604 2894 942 3019 recordatione,
967 2891 1171 2996 frustum
1194 2933 1297 2998 non

320 3066 457 3172 potes
493 3070 594 3135 non
644 3040 884 3169 percipere
927 3033 1076 3168 longe
1113 3031 1295 3133 uberti-

318 3207 469 3295 mum,
517 3177 772 3273 maximam
809 3167 1187 3308 puriffimamque
1206 3207 1294 3270 vo·

319 3308 578 3445 luptatem3
618 3345 717 3448 quae
741 3318 1021 3408 cunctorum
1056 3305 1194 3444 hujus
1216 3316 1293 3408 vi-

320 3475 380 3547 tae
403 3443 582 3584 fragilis
621 3477 759 3584 atque
783 3447 983 3568 caduca,
1019 3443 1185 3580 quibus
1215 3453 1293 3543 in-

318 3580 523 3710 festatur,
572 3585 806 3684 malorum
845 3614 983 3720 atque
1018 3588 1290 3684 incommo·
1358 3626 1361 3633 ·

317 3722 490 3822 dorum
517 3719 698 3821 cursum
721 3721 948 3822 facillime
971 3715 1287 3850 sufflaminare‚

316 3858 592 3999 alteriusque
611 3866 749 3959 etiam
763 3890 901 3998 atque
923 3859 1128 3959 melioris
1141 3857 1286 3996 spem,
1372 3979 1379 3986 ι

314 4035 405 4099 nec
431 4036 555 4102 vano
578 4035 680 4111 eam
703 4030 779 4100 aut
800 4006 984 4106 incerto
1007 3995 1289 4097 fundamen-

316 4162 370 4232 to
393 4145 622 4262 innixam,
650 4147 865 4276 ingerere
889 4176 943 4241 ac
967 4132 1285 4242 subministra-

312 4308 366 4384 re
393 4277 660 4396 validiffime
685 4273 850 4416 potest.
1287 4401 1291 4412 1

431 4476 434 4483 ·
729 4411 760 4521 b
805 4449 830 4522 2
1139 4411 1292 4543 ,Vnt
