3192 5534
402 776 437 887 re
633 767 1178 880 DEDICATIO.

408 958 540 1061 illam
577 949 714 1100 atque
751 953 1097 1096 sempiternam,
1137 956 1386 1059 clementi-

413 1134 490 1200 am
516 1098 693 1198 aditum
731 1094 849 1197 Tibi
874 1097 992 1196 olim
1027 1132 1126 1194 non
1150 1094 1384 1234 pateface-

413 1273 464 1337 re
491 1271 591 1337 non
605 1231 768 1374 potest.
813 1238 934 1370 Quae
957 1242 1004 1331 in
1031 1231 1384 1371 occupatissimo

411 1370 686 1512 'magistratu
725 1369 877 1473 salutis
916 1402 1098 1471 aeternae
1130 1408 1239 1474 cura
1272 1371 1383 1473 dili-

413 1519 633 1648 gentior?
674 1515 792 1643 Quae
807 1520 855 1611 in
881 1510 1150 1611 divitiarum
1165 1541 1382 1613 contern-

410 1676 463 1748 tu
485 1647 703 1750 excelsror
736 1646 994 1748 fortitudo?
1056 1653 1176 1779 Quae
1212 1655 1263 1747 in
1288 1646 1380 1749 ho-

412 1821 582 1888 norum
605 1787 869 1927 adeptione,
900 1802 945 1886 δι
972 1793 1021 1884 in
1055 1788 1216 1925 gloriae
1249 1783 1381 1889 cursu
1417 1807 1418 1821 ¹

411 1923 535 2064 quasi
568 1955 811 2067 perpetuo,
860 1925 1164 2063 popularique
1204 1959 1379 2062 appro-

407 2060 600 2166 batione
659 2063 924 2164 moderatio
972 2070 1168 2198 major?
1250 2069 1378 2163 Cdm

409 2231 564 2300 autem
611 2211 822 2304 animum
883 2196 1034 2301 reficis
1093 2237 1149 2299 ex
1203 2197 1377 2302 forensi

410 2332 603 2471 strepitu
649 2349 745 2470 'ugi
784 2346 967 2469 pietatis
1004 2342 1375 2463 exercitatione3

394 2477 523 2570 etim
549 2471 607 2570 ad
654 2473 906 2568 eniendum
923 2476 1263 2597 clientelarum,
1279 2512 1380 2613 quae

396 2611 488 2709 Te
515 2606 734 2730 obruunt,
751 2603 995 2740 fastidium,
1011 2609 1182 2742 pendes
1209 2610 1379 2714 abaris

407 2745 624 2882 frequens
646 2759 691 2843 &
707 2740 923 2865 assiduus3
964 2750 1091 2866 crim,
1108 2743 1379 2855 dirimendis

405 2879 564 2980 litibus
589 2879 758 2981 arbiter
782 2880 999 3004 deledius,
1025 2878 1282 2983 srcexerces
1301 2891 1378 3018 ju·

407 3016 583 3119 dicium
626 3019 683 3119 de
730 3016 931 3118 fortunis
982 3026 1288 3155 privatorum,
1330 3053 1379 3123 ut

406 3153 499 3256 sem
537 3196 582 3257 er
606 3163 823 3257 intuearis
847 3165 895 3256 in
920 3188 1025 3257 eum
1051 3157 1277 3284 Judrcem‚
1296 3166 1375 3297 qui

404 3294 462 3394 de
488 3195 685 3394 drrtunae
722 3298 840 3393 Tuae
872 3299 1123 3394 aeterrritate
1158 3315 1375 3433 'pronun-

403 3438 602 3532 ciaturus
642 3427 706 3530 est
753 3431 1004 3570 aliquando
1055 3428 1373 3560 sententiam3

405 3574 515 3666 edm
540 3572 738 3705 denique
763 3566 826 3668 sre
848 3565 1034 3668 versaris
1056 3576 1234 3670 iavitae
1258 3606 1376 3707 prae·

403 3700 541 3803 sentis
567 3712 770 3841 negotiis
805 3704 1038 3827 omnibus,
1078 3736 1128 3805 ut
1162 3714 1376 3811 animum

403 3838 581 3979 semper
607 3849 756 3978 erigas
794 3842 852 3943 ad
877 3840 1058 3943 beatam
1092 3845 1376 3949 immortali-

294 3975 303 3993 ’
403 4009 545 4079 tatem
572 3978 977 4115 consequendam:
1004 3977 1205 4080 ostendis
1230 3990 1376 4085 nimi-

400 4150 503 4218 rum
528 4153 627 4255 quae
651 4112 902 4217 Christiani
923 4112 1110 4255 spiritis
1145 4126 1232 4244 vis,
1272 4137 1376 4260 q'ua

397 4262 600 4393 pectoris
623 4253 822 4359 altitudo
846 4262 899 4357 in
924 4257 1001 4360 Te
1030 4254 1188 4396 spiret.
1252 4261 1379 4392 Quae

1216 4431 1381 4506 omma
