3192 5534
427 772 1027 957 bottano,
1175 823 1224 920 xi

232 1016 359 1121 ptobo'
383 1008 611 1110 incidenda,
641 1004 1103 1131 libroquepra'figendo‚
1136 1030 1223 1124 ope·

242 1114 726 1236 rdqueetiomstatnorid
739 1156 792 1209 ex
813 1123 1222 1220 mormoreducendd‚

240 1226 403 1344 locoque
417 1234 553 1342 postea
568 1236 720 1320 celebri
731 1239 940 1349 ponenda‘,
970 1237 1127 1320 idoneis
1142 1237 1223 1317 eti·

239 1367 305 1422 am
319 1343 526 1428 doctorum
543 1347 839 1460 proborumque
861 1351 1049 1430 virorum
1065 1347 1156 1455 enjus
1172 1342 1222 1426 de

240 1455 338 1534 vita
355 1482 403 1534 ac
419 1457 601 1564 scriptis
616 1455 1103 1568 odjmttistestimoniis:
1132 1482 1223 1566 quae

239 1563 455 1668 omniasuo
472 1564 594 1654 brevi
607 1583 784 1675 tempore
794 1567 1120 1678 sperarcfased.
1138 1568 1224 1647 At·

242 1680 322 1788 que
340 1670 487 1786 dignus
501 1675 561 1786 cst
612 1677 766 1782 rofettb
789 1677 862 1790 qui
885 1704 960 1759 non
975 1678 1087 1759 modb
1111 1702 1222 1758 mar·

238 1790 399 1863 mouens
446 1801 502 1881 et,
514 1788 563 1892 se
606 1784 1222 1900 cocs'mqnoqneimaginibusil·

238 1889 362 1999 lustri
387 1921 477 1977 rma
508 1896 712 1981 dotiornm
744 1898 935 1980 virorum
965 1879 1221 2007 bibliothece

237 2018 364 2111 atque
378 2006 523 2112 mosao
539 2005 851 2115 cobouoestentur‚
870 2005 1223 2120 crq'usquejucun·

240 2108 401 2225 diffima
415 2119 608 2197 memorio
631 2119 736 2197 ononi
748 2119 1013 2225 posteritatis
1037 2114 1156 2196 atati
1171 2108 1223 2194 ob

240 2219 472 2328 dobtiffimis
487 2225 866 2334 facundiffimifque
882 2223 1141 2330 historiarum
1156 2232 1222 2300 ot·

241 2357 319 2438 qne
347 2337 557 2415 annalium
589 2334 870 2414 conditoribus
897 2358 987 2411 cnm
1025 2331 1222 2412 maximis

228 2439 768 2545 preconiiscommendetur.
787 2441 974 2521 Ceterum
982 2440 1048 2521 hic
1059 2440 1221 2551 quidem

240 2546 1220 2672 temperaremibinequeoquinderora&instgni

236 2654 312 2746 bac
315 2656 534 2766 felicitate
550 2677 645 2767 vato
658 2661 855 2772 gratuler
869 2659 1105 2766 cultiffim03
1134 2660 1218 2753 cui,

228 2766 317 2879 post
347 2774 410 2849 tot
440 2769 592 2850 domum
606 2771 695 2878 post
719 2769 871 2850 obitum
945 2769 1077 2849 otium
1098 2793 1222 2849 anuo·

239 2904 344 2985 rum,
366 2880 704 2990 talistantnsque
721 2876 913 2961 vindere
939 2879 1058 2993 tigit,
1077 2903 1219 2988 aquus

236 2989 442 3070 admodum
460 3007 585 3101 atque
611 2989 775 3071 idoneus
792 2983 1006 3070 virtitum
1023 3015 1069 3068 ac
1094 3015 1218 3068 meri·
1248 3044 1252 3055 -

238 3115 372 3181 torum
397 3099 487 3208 ejus
517 3104 711 3208 expensor
734 3116 859 3208 atque
888 3099 1117 3205 aestimator,
1148 3099 1219 3176 cui

238 3207 295 3288 od
308 3224 428 3314 opero
444 3208 699 3288 celeberrimi
724 3210 818 3288 viri
837 3206 889 3287 ob
908 3203 990 3321 fito
1011 3220 1058 3286 ot
1089 3231 1136 3286 ue
1154 3207 1217 3287 in·

239 3318 376 3396 teritu
394 3315 656 3408 vindicanda,
668 3342 716 3396 oc
731 3317 953 3427 plusquam
961 3233 1138 3424 priflino
1153 3325 1222 3396 ni·

238 3430 327 3506 tori
340 3443 466 3539 atque
479 3427 691 3540 elegantia
707 3426 969 3538 restituenda,
981 3450 1049 3504 nec
1059 3426 1219 3505 animus

236 3537 343 3644 obest
358 3563 427 3615 uec
437 3537 645 3641 facultas,
677 3538 742 3616 uti
758 3532 1129 3645 cumjucuuditate
1141 3549 1217 3643 po·

237 3651 428 3728 ditiorum
452 3643 651 3729 bominum
669 3644 710 3731 (5
726 3644 911 3726 monibus
928 3645 1027 3739 teri,
1061 3642 1102 3731 (5
1126 3670 1216 3725 ocu·

235 3759 294 3841 lis
319 3755 490 3865 lustrari
513 3756 765 3868 inposterum
780 3754 942 3866 poffint.
999 3753 1215 3945 Quapro-

228 3867 346 3975 fetto
370 3893 451 3956 res,
471 3864 518 3971 fi
542 3868 645 3980 quid
664 3893 729 3982 ego
757 3867 853 3948 veri
881 3890 1076 3977 arcguror,
1115 3867 1221 3948 raud

236 3979 371 4090 magis
387 3975 577 4059 honorato
592 3979 718 4167 lum
739 3972 956 4058 honoranti
970 3985 1216 4084 pereuntia

238 4089 424 4197 deinceps
434 4087 577 4192 secula
601 4089 732 4169 cononi
750 4088 848 4169 erit.
882 4087 946 4168 At
963 4088 1075 4165 lubet
1090 4088 1215 4169 etiam

237 4193 477 4305 beotcffimos
505 4193 691 4306 Jonstoui
718 4225 854 4280 moues
877 4195 925 4276 de
947 4212 1032 4276 tam
1059 4195 1150 4276 lato
1177 4221 1215 4276 c·

237 4322 372 4393 ventu
390 4306 528 4389 tribus
545 4307 957 4502 verbisdcompellare.
1014 4304 1120 4386 Hem
1138 4308 1217 4414 igi-

1144 4433 1217 4496 tur
