3192 5534
310 741 385 824 xliv
602 737 727 823 David
743 739 1010 825 Wedderuuruur

316 907 394 976 Hoc
411 924 469 993 ego
484 906 617 991 proserit
632 910 700 994 jam
716 924 795 998 rum,
811 928 885 977 curn
901 910 1016 1000 remige
1031 910 1156 985 Phoebu

358 991 476 1077 Exigui
493 995 606 1077 legeres
623 995 724 1060 littora
742 997 828 1060 sacru
844 1009 917 1060 rute.
1191 995 1195 1003 '

316 1074 455 1141 Prusenfi
463 1095 472 1153 ;
493 1093 549 1138 nec
567 1076 629 1141 avis
646 1098 758 1163 ptaepes
775 1079 849 1143 mihi
866 1098 975 1164 penna,
994 1100 1052 1146 nec
1070 1097 1151 1168 exta,

358 1159 418 1225 Sed
435 1157 512 1222 ratio
528 1161 691 1245 augurium
704 1162 920 1247 judiciumque
935 1161 1005 1228 fuit.

316 1238 406 1308 Tum
426 1241 568 1320 (memini
586 1246 615 1310 dr
633 1245 800 1312 meminisse
815 1247 916 1330 juvat)
938 1266 1022 1314 nunc
1040 1262 1252 1320 attrectentur

358 1324 383 1389 F
387 1325 427 1387 ila
440 1330 524 1411 lyrae,
545 1327 655 1394 Aoniis
669 1329 862 1395 sotricitenda
879 1330 998 1398 modis:

314 1404 414 1472 Nunc
431 1418 528 1476 at'r'nor
544 1412 631 1494 supra
649 1428 785 1496 penetras
803 1415 833 1478 in
850 1413 945 1477 castra
962 1413 1078 1499 Lycei,

358 1490 450 1558 Portis
469 1497 498 1561 u
516 1496 532 1560 i
548 1496 702 1562 comitum
718 1512 801 1579 rupta
818 1515 866 1562 tro
888 1515 929 1560 arr
944 1500 1049 1583 globo.

314 1572 437 1658 Meque
451 1578 578 1645 subinde
593 1600 699 1664 vocas,
714 1599 842 1664 propero
858 1517 934 1644 dum
951 1582 1074 1668 lentius,
1094 1595 1192 1664 atque

357 1658 463 1748 Cogor
480 1663 516 1727 ab
533 1662 661 1729 advertis
678 1668 748 1728 vele
767 1662 877 1728 referre
896 1665 986 1729 notis.

313 1742 406 1810 Haud
425 1744 513 1811 secus
529 1747 680 1831 accipitris
696 1746 822 1831 ped-ibus
840 1746 987 1829 predatur
1002 1746 1132 1814 aduncis

356 1823 476 1909 Pullus,
495 1829 594 1896 adhuc
612 1830 692 1897 nisus
708 1831 785 1904 dum
801 1830 895 1897 docet
911 1850 984 1895 aure
999 1834 1092 1899 leves.

313 1911 407 1977 Haud
424 1912 514 1979 secus¹
528 1914 559 1980 in
577 1915 655 1979 silvis
671 1928 769 1979 errore
785 1918 954 1978 tementes>
967 1915 1070 2001 audet,

352 1991 455 2061 Dente
469 1998 614 2078 petiturus
631 1997 824 2063 rhinocerote
839 2017 935 2062 novo.-

312 2075 476 2161 Primaque
494 2083 649 2148 iniurium
667 2081 696 2146 in
713 2080 815 2176 ptaelia
830 2095 933 2145 tentus
949 2094 1076 2146 arenant·

354 2161 483 2250 spargit,
499 2166 528 2235 ὅ(
544 2167 695 2249 irnpofitus
710 2163 805 2251 jabim
819 2164 849 2230 in
867 2163 942 2230 astra
957 2165 1045 2248 pilas.

311 2245 429 2310 indolis
447 2249 508 2313 hoe
526 2250 646 2315 animos
664 2248 818 2317 sociarunt
834 2247 960 2314 vincula
976 2251 1106 2334 nostros,

355 2327 417 2393 Hic
436 2350 493 2393 nos
512 2333 615 2397 nativo
631 2333 748 2398 foedere
760 2332 863 2418 junxit
877 2348 982 2414 amore

313 2410 379 2492 Qui
396 2428 460 2474 non
474 2414 623 2497 ambigue
639 2417 748 2478 metuit
762 2416 939 2480 discrimina
953 2413 1052 2498 sortis,

354 2488 525 2573 Temporis
541 2508 594 2559 aut
609 2494 705 2558 varias
722 2495 930 2576 instabilesque
946 2497 1041 2561 vices.
1073 2526 1076 2531 ·

311 2567 462 2658 Namque
479 2575 684 2657 quaterdenis
701 2577 792 2639 robur
808 2577 875 2658 jnm
891 2576 994 2640 fumsn
1010 2582 1047 2639 ab
1065 2580 1170 2666 anns,

355 2657 473 2741 Perque
490 2660 559 2727 suos
576 2659 671 2744 coepit
686 2658 919 2742 proueiriturque
936 2657 1058 2742 gradus.

312 2741 419 2809 Ornus
435 2743 534 2809 adhuc
554 2744 636 2809 tibris
652 2741 818 2809 Erimnnthi
834 2742 869 2806 itt
881 2739 1018 2806 eulmine
1035 2739 1121 2825 nim.

355 2826 417 2891 Vel
434 2827 567 2891 modieis
582 2827 664 2890 cedit
681 2825 801 2889 datibus
815 2845 887 2889 eure
903 2824 961 2889 tuis
977 2845 984 2891 :

312 2907 421 2976 Latius
439 2909 508 2973 hinc
526 2919 630 2974 tenues
644 2908 804 2990 paulinum
818 2905 945 2972 fundere
956 2925 1060 2972 ramos

356 2991 491 3076 Gaudet,
509 2993 537 3058 dr
554 2993 657 3058 estivis
674 2991 705 3055 se
720 2990 867 3055 decorate
886 2991 1004 3056 comis:

312 3077 412 3144 A‘c'rio
428 3092 458 3143 at
472 3076 597 3142 tandem
612 3073 729 3162 jubiens
746 3074 777 3138 se
794 3072 919 3153 vertice,
939 3093 1050 3139 cauros

355 3161 529 3250 Spertritp&
547 3160 612 3224 irati
630 3157 750 3223 fulmen
760 3158 797 3222 ab
815 3177 886 3222 arce
904 3158 999 3238 Jovis.

310 3245 428 3312 Noster
444 3245 512 3310 talis
529 3262 631 3324 amor3
653 3259 747 3324 quem
763 3256 826 3307 n'orr
848 3239 911 3324 (pia
926 3240 1055 3306 numine
1071 3239 1184 3328 testor)

356 3329 440 3396 Ulia
454 3325 629 3411 procelloso
645 3325 763 3391 turbine
778 3325 873 3390 vincit
892 3323 997 3388 hiems.

310 3415 412 3482 Abfit!
435 3428 468 3478 ut
482 3397 629 3475 AEecides
645 3412 781 3492 palmam
803 3410 854 3471 vei
872 3406 950 3471 fidus
966 3406 1106 3473 Achates·

354 3500 444 3564 Hunc
463 3496 515 3561 tibi
553 3491 694 3580 totipiat,
707 3491 890 3574 proripiatv'e
905 3489 991 3553 mihi.

311 3581 395 3648 Huic
412 3580 485 3642 licet
546 3598 627 3658 neas,
649 3572 695 3640 illi
709 3575 782 3640 lieet
797 3573 915 3638 adforet
946 3572 1037 3638 armis

352 3663 458 3746 Quem
473 3660 527 3724 sub
544 3660 691 3725 inaffectis
708 3656 901 3740 procubuisse
912 3623 1023 3739 ierunt.

310 3744 375 3814 Eur
397 3746 475 3824 alus,
495 3737 634 3821 Damon,
652 3740 821 3804 suaviffima
837 3741 953 3804 vatibus
969 3740 1051 3804 oiim

392 3818 507 3906 omina,
530 3821 581 3887 sed
599 3823 716 3904 quoties
734 3823 859 3887 nomina
875 3820 946 3885 fidia
962 3823 1070 3905 legari·

309 3913 375 3984 inte
398 3931 430 3975 ra
444 3907 543 3973 nostre
555 3905 649 3972 fides:
672 3905 748 3969 hanc
766 3926 822 3970 nos
839 3907 972 3970 candore
988 3907 1114 3992 mereri,-

355 3999 439 4078 Vrta‚
457 3996 506 4058 vel
524 3989 639 4054 invidia·
652 3987 737 4087 teste2
754 3987 873 4071 perede
888 3991 1007 4069 probet·

310 4084 385 4154 Inde
401 4078 502 4158 dolor,
523 4071 576 4157 qui
592 4081 642 4136 me
657 4086 777 4136 tantum
792 4090 855 4135 non
871 4071 1009 4153 perdidit,
1030 4071 1118 4138 orbir

350 4165 440 4232 Dum
457 4161 565 4242 procul
584 4156 602 4221 i
617 4155 709 4238 patrii
727 4154 944 4241 t'e‘pcregrinus
961 4155 1060 4220 hebet.

305 4251 360 4325 Est
376 4255 465 4314 iocus
483 4239 620 4309 addubiis
638 4256 750 4305 curvos
767 4241 897 4304 tinuatur
914 4238 944 4303 in
961 4258 1051 4302 arcus

346 4328 513 4415 Cornibus,
532 4337 665 4395 oceanus
681 4322 781 4410 puisat
796 4337 962 4407 urtumque
977 4325 1082 4389 letus>

1199 4372 1262 4478 'run
