3192 5534
512 746 788 845 usn.
835 756 892 841 X.
1215 780 1247 875 p

294 924 314 992 5
336 889 464 975 Scilicet
475 894 538 985 ipsa
552 900 613 969 suit
623 922 698 989 geue
716 899 850 977 subdole
864 899 997 969 amu·
1010 903 1108 990 infit,

382 987 423 1057 Et
434 988 543 1052 scrobe
560 1005 658 1069 quam
674 985 755 1052 fodit
775 989 989 1053 concumulata
1001 990 1123 1073 jacet:

293 1076 313 1140 6
331 1075 406 1140 Hac
423 1071 593 1137 recolenda
612 1069 704 1136 Deua
719 1088 791 1136 rare
811 1088 1013 1138 mouumcm
1034 1072 1164 1156 reliquit

371 1155 507 1238 justitiaeq
527 1155 636 1238 prend-i
653 1155 729 1221 dum
743 1156 830 1238 jubet
841 1157 1036 1223 urtedoium.

294 1261 310 1324 7
330 1239 481 1306 Numinis
495 1242 697 1306 inmemores
707 1243 851 1322 populor,
865 1240 1077 1324 scelerumque
1087 1240 1244 1314 miru’sirot

378 1324 556 1406 Pracipites
572 1326 668 1388 tellus
678 1323 732 1389 sub
748 1323 826 1406 pede
841 1326 1044 1407 ruptatrtittt.

292 1407 309 1477 8
330 1406 436 1473 Nulla
453 1407 509 1472 sed
525 1405 657 1472 afflitloe
673 1423 811 1493 merget!
824 1410 958 1491 oblivia,
978 1428 1138 1493 nunquam

372 1490 527 1558 Successu
538 1490 684 1556 miserum
699 1492 766 1575 spes
784 1491 914 1556 caritura
931 1492 990 1558 suo
1003 1494 1057 1559 est.

291 1595 309 1660 9
329 1576 430 1662 Surge
447 1573 549 1658 Deus,
564 1574 662 1642 victor
672 1596 710 1641 uc
722 1577 812 1641 toiiat
828 1576 1000 1643 homuncio
1013 1576 1128 1659 crisht,

373 1660 498 1742 Imperii
513 1663 643 1741 populos
654 1659 793 1745 subjuga
810 1679 889 1747 coge
905 1660 960 1726 tui.

291 1763 311 1808 0
332 1746 443 1812 Incutc
466 1759 611 1807 terrorem
625 1744 748 1825 vindex,
766 1748 831 1808 cori
877 1764 915 1808 uc
936 1746 1060 1810 rebellia

376 1827 538 1912 Progenies
554 1825 662 1893 fictam
683 1828 716 1893 se
736 1827 846 1893 sciatc
871 1831 984 1893 eluto.

603 2008 788 2078 ΗΔΒ.
833 2009 877 2078 Χ.

410 2146 481 2237 Uir,
505 2152 608 2240 Deus,
622 2156 787 2223 abscedis?
814 2157 938 2222 Rerum
957 2159 1058 2221 tutela
1075 2168 1228 2239 mcuuuq

448 2240 528 2323 Cur,
552 2248 649 2322 pater,
670 2239 703 2301 in
721 2241 835 2302 mediis
853 2240 1000 2301 subtrahis
1017 2256 1073 2302 ora
1094 2237 1205 2303 unalis?

291 2343 311 2387 2
332 2324 460 2406 Impiusq
477 2326 532 2389 ah!
544 2339 675 2386 tenuem
688 2320 770 2386 sustu
787 2321 899 2403 premit
913 2321 1006 2401 usque
1021 2318 1163 2407 nefindO,

375 2405 522 2471 Consiliis
538 2420 642 2485 pereat
660 2404 727 2486 qui,
743 2425 861 2486 precor,
882 2402 943 2485 ipse
961 2403 1031 2470 suit.

291 2508 314 2573 3
336 2489 434 2571 Quod
454 2489 540 2568 cupit
555 2489 614 2550 hoc
623 2488 718 2570 jadiut
731 2489 883 2569 scetuq&
895 2487 970 2551 dum
976 2492 1081 2573 palpat
1097 2504 1242 2571 utrumq

378 2573 474 2636 Hunc
490 2571 522 2635 iu
532 2569 661 2653 deliciis,
680 2589 772 2652 quem
783 2568 874 2636 Deua
885 2569 961 2652 odit,
977 2574 1077 2639 habet.

291 2673 315 2738 4
333 2653 482 2736 Dumque
496 2654 657 2735 supercilio
669 2655 805 2720 coelestia
816 2655 951 2736 ‘despicit
961 2658 1040 2735 aito,

382 2736 456 2803 Nec
474 2739 579 2818 quaerit
596 2739 746 2818 tumidus,
767 2759 824 2800 nec
843 2733 998 2818 putarem
1010 2736 1130 2805 Deum.-

296 2840 315 2899 5
334 2821 378 2887 Ex
389 2839 465 2885 uoto
481 2821 557 2884 dum
568 2819 681 2885 cursu
697 2824 806 2903 fluunt,
823 2823 853 2885 ἀ
870 2820 1006 2886 criminis
1023 2826 1107 2887 ultor

383 2905 447 2971 Stat
463 2907 583 2988 procul,
604 2904 725 2969 hostiles
742 2925 806 2969 non
816 2905 906 2968 timet
923 2905 978 2967 iile
993 2924 1116 2977 manue.

301 2991 318 3051 6
335 2991 427 3072 Quas,
439 2990 492 3070 ait,
511 2988 671 3053 incurrunt
685 2988 736 3052 ulii
753 2988 860 3052 ridebo
876 2985 978 3054 ruinae

382 3073 565 3154 Incolumis,
588 3090 690 3136 rerum
711 3073 941 3153 despiciamque
961 3073 1057 3135 vicet.
1107 3080 1111 3087 '

305 3169 318 3234 7
335 3153 379 3219 Os
396 3156 531 3221 dolusr&
542 3155 665 3219 fraudes
681 3171 815 3233 armant,
832 3152 1150 3237 convicialinguamp

380 3237 481 3302 Milic
503 3237 558 3300 sub
575 3240 631 3299 hac
644 3235 751 3318 pestes,
765 3237 854 3297 mille
870 3253 988 3298 venene
1002 3239 1108 3302 latent.

307 3316 320 3384 8
337 3321 428 3386 Sueta
447 3319 611 3383 latrocinio
625 3319 731 3402 paffim
747 3336 915 3401 peropaca
930 3318 1050 3383 viarum

382 3404 485 3485 Saevit,
504 3403 681 3467 &innocuo
696 3403 841 3489 sanguine
857 3401 964 3465 dextra
979 3404 1077 3467 rubet.

306 3503 320 3565 9
336 3490 498 3570 Quemque
514 3501 602 3550 voret
613 3488 682 3551 fixiu
698 3486 801 3550 oculis
819 3484 952 3568 designat
962 3501 1107 3568 egenum,

385 3572 482 3650 Inque
498 3570 570 3632 suos
582 3569 689 3649 casser,
705 3567 885 3646 insidiasque
904 3566 1012 3632 trahit:

337 3652 388 3718 Sic
401 3658 464 3732 leo,
482 3670 579 3732 quam
601 3666 690 3716 torvo
709 3649 866 3731 conspexit
882 3651 1007 3734 lumine,
1027 3649 1162 3735 prodam

384 3737 518 3817 involat,
535 3737 715 3800 &laceram
729 3735 825 3798 saevut
838 3734 868 3796 in
883 3749 968 3798 antra
984 3737 1069 3820 rapit.

291 3839 318 3884 ro
335 3817 417 3901 Saepe
435 3836 548 3882 necem
565 3819 751 3900 clademque
768 3836 876 3900 puram
893 3819 1055 3904 blanditur,
1073 3822 1104 3886 ἀ
1119 3832 1219 3890 utram

384 3905 418 3968 [n
440 3902 568 3983 luviem,
583 3903 709 3966 miseros
730 3903 806 3966 dum
825 3918 923 3988 vorat,
938 3918 1002 3967 arte
1015 3905 1098 4001 tegit.

291 4005 313 4054 [ι
334 3984 397 4069 Te,
448 4007 516 4068 eus,
526 3985 742 4051 immemorem
759 4004 832 4072 geru
848 3991 911 4050 hac
929 3989 958 4051 dr
975 3991 1093 4053 lumme
1110 3987 1239 4069 cassum,

383 4071 424 4137 Et
438 4087 577 4135 vacuum
594 4071 666 4134 curi
684 4068 790 4153 pedius
810 4071 919 4134 hebere
939 4085 1032 4153 putat.

291 4176 318 4224 u
335 4150 463 4220 Exorcre
475 4153 617 4220 &talida
628 4153 766 4237 miseros,
776 4169 870 4237 pater,
886 4151 980 4217 affere
999 4155 1103 4222 dextri

386 4237 477 4306 uruat
492 4240 548 4303 hos
566 4237 771 4307 animorum
785 4236 907 4305 senem
920 4253 986 4305 tuo.
1105 4208 1116 4263 ²

1119 4317 1244 4402 1311113
