3192 5534
363 764 435 870 aii
613 747 1166 867 enormia

439 934 493 1042 V
510 957 749 1033 inruat
781 938 925 1071 igitur
952 926 1067 1037 Tua
1087 935 1167 1035 Te
1190 933 1354 1038 invol-

372 1105 504 1198 vens,
543 1073 637 1176 Vir
675 1106 750 1172 arn
787 1068 964 1197 infime,
1004 1071 1275 1174 invidorum
1297 1108 1359 1177 ac

374 1209 719 1318 malevolorum
748 1109 950 1349 {iantam
974 1208 1188 1312 adversus
1209 1210 1357 1314 boni·

351 1427 358 1448 .
378 1381 525 1456 tatem
550 1345 584 1449 sr
611 1358 692 1487 qui
715 1346 1027 1490 reperiantur)
1052 1358 1263 1451 virorum
1278 1388 1357 1453 ca-

378 1488 577 1594 lumnias
592 1485 714 1590 nihil
739 1488 1047 1591 reformidans
1072 1521 1328 1591 contemne
1342 1543 1356 1614 t

381 1624 646 1767 multasque
693 1663 773 1767 pet
812 1664 980 1752 annos,
1017 1636 1206 1765 integro
1249 1663 1359 1729 cor·-

383 1774 511 1905 poris
536 1775 773 1908 animique
808 1775 989 1906 vigore,
1037 1769 1176 1866 ardua
1215 1775 1361 1867 totius
1406 1849 1407 1878 i

383 1910 519 2044 regni
560 1916 768 2045 negotia,
807 1914 1055 2045 patriaeque
1108 1913 1158 2004 in
1194 1912 1360 2140 primis

385 2044 657 2170 commoda,
708 2075 946 2184 tamquam
982 2042 1101 2143 sidus
1147 2039 1192 2143 sa
1212 2073 1360 2168 utare,

387 2177 582 2285 feliciter
616 2219 890 2358 procurans,
937 2178 1228 2320 augustissimi
1266 2191 1364 2283 Re-

390 2322 460 2454 gis
486 2332 638 2454 gratia
673 2358 727 2420 ac
752 2319 1060 2445 confidentii,
1097 2326 1366 2457 civiumque

382 2455 614 2555 'Tuor'unt
659 2451 808 2551 studio
856 2490 991 2592 atque
1038 2450 1368 2560 benevolentia

392 2588 519 2695 latus
543 2586 808 2729 perfruere3
848 2587 1114 2727 generisque
1145 2589 1370 2726 splendo-

396 2765 513 2854 rem,
553 2765 648 2869 quo
676 2725 771 2828 fere
787 2764 887 2829 non
913 2731 1069 2828 minus
1094 2733 1236 2863 quam
1254 2764 1371 2866 pro-

397 2872 509 3004 priis
532 2865 779 2968 virtutibus
807 2862 1084 2990 inclarescit,
1115 2862 1365 3003 (fiquidem

397 3002 455 3106 ab
491 3001 804 3144 antiquiffima
850 3001 1216 3144 nobilissimaque
1252 3042 1371 3156 gen-
1406 3045 1407 3048 ‘

398 3148 458 3244 tis
494 3154 812 3247 Auentina
849 3150 1118 3283 principum
1157 3150 1373 3281 proiapia

401 3286 473 3382 ori
511 3291 638 3383 inem
662 3278 810 3417 ducis)
850 3293 918 3382 uti
945 3280 1183 3407 haetenus,
1221 3278 1286 3381 stc
1322 3290 1373 3383 in

404 3318 639 3555 poiierum
665 3457 988 3560 quoque,eum
1010 3419 1238 3559 dignitate
1271 3447 1374 3521 tue-

403 3561 443 3658 ti
466 3587 603 3696 atque
635 3557 861 3662 illustrare
896 3566 1052 3683 etiam,
1092 3587 1377 3695 magnorum

245 3806 249 3816 ‚
405 3689 532 3795 haud
571 3714 791 3835 umquam
817 3699 1040 3835 indignus
1063 3706 1294 3820 Avorum,
1322 3697 1380 3799 de

408 3857 609 3985 quorum
646 3858 744 3937 uno
790 3841 981 3936 eximius
1017 3843 1164 3938 Po'e'ta
1201 3833 1377 3962 noster,

324 3972 327 3977 ’
409 4004 512 4074 non
537 3982 693 4082 minut
727 3987 835 4082 vere
860 3979 1005 4113 quam
1030 3976 1283 4115 eleganter,
1300 4009 1381 4076 ce*

409 4140 544 4252 iamt,

1255 4375 1391 4524 {ntea}
