3192 5534
459 780 703 877 Dedicationes'
717 800 758 882 Β
772 804 1010 900 Praesationes.
1137 822 1229 898 xxix

245 942 306 1010 ald
321 928 351 1010 te
364 941 550 1094 coufuffunt
567 944 689 1031 Solymi
707 948 843 1015 eoelestia
861 947 958 1047 Regis

294 1028 442 1107 Jonllono
490 1030 557 1094 :rtiis
574 1033 712 1095 carmina
727 1035 814 1098 culta
829 1034 956 1102 modrs:

250 1111 399 1191 Jondono
413 1112 537 1198 gemini
554 1114 698 1180 redimito
713 1128 852 1199 tempora
867 1123 967 1200 lauro,

293 1196 356 1261 Vel
373 1194 438 1279 Tc,
456 1201 507 1260 vel
526 1189 637 1263 Clario
652 1199 789 1264 carmina
804 1200 896 1287 digna
913 1198 1002 1267 Deo:

247 1275 405 1360 Auspiciis
422 1294 455 1343 ut
471 1294 537 1344 tuta
553 1277 647 1362 Tuis,
665 1298 828 1365 ereptaque
843 1281 940 1369 nodi,

291 1361 444 1444 Incipiam
460 1365 548 1428 coelo
564 1363 704 1430 liberiore
717 1365 788 1430 frui.

514 1521 688 1606 Leliori
713 1524 883 1607 candido
913 1527 954 1611 S.

246 1676 423 1830 Dlvini,
443 1676 526 1757 quod
542 1677 595 1741 tibi
612 1679 801 1762 exhibemus,
820 1678 944 1745 Cantici
963 1677 1154 1763 Paraphrafin
1170 1700 1224 1778 ag·

352 1760 437 1844 greffi
449 1761 517 1825 sunt
531 1762 667 1845 plurimi,
686 1765 716 1828 dr
733 1764 765 1828 in
783 1763 828 1828 lris
845 1764 987 1829 nonnulli
999 1764 1103 1843 Scoti3
1123 1782 1223 1828 nemr-

245 1860 322 1905 nem
337 1857 440 1908 tamen
456 1845 597 1908 omnium
614 1845 700 1926 aqui:
721 1845 857 1911 faventes
875 1847 985 1913 Musas
1000 1860 1092 1927 atque
1108 1849 1224 1911 Aretu-

245 1943 318 2020 rum
338 1927 476 1991 nostrum
486 1928 670 2007 Jonllonum
684 1930 817 1996 babuisse
830 1933 913 1996 ultro
927 1929 1069 1995 fatebitur
1086 1929 1222 2010 quisquis

242 2008 430 2088 rpsumsscurn
441 2012 505 2076 illis
515 2009 658 2077 conferre
667 2015 812 2079 voluerit.
822 2017 857 2079 ln
868 2034 908 2080 eo
918 2015 1003 2079 enim
1014 2013 1150 2080 Romani
1162 2014 1223 2075 ser·

242 2094 345 2175 monis
356 2094 630 2178 nitororeleganria
641 2115 717 2160 cum
734 2115 936 2162 numerorum
946 2099 1025 2161 mira
1035 2096 1223 2160 suavitate&

242 2176 338 2320 {tatia
354 2176 435 2242 adeo
452 2178 640 2260 conspirant3
661 2181 702 2244 ita
711 2180 829 2261 semper
841 2180 939 2244 callus
956 2181 986 2244 dr
1003 2196 1108 2260 purus,
1127 2176 1223 2257 placi-

267 2277 301 2322 us
317 2259 481 2340 semper&
498 2262 655 2342 aequabilis
673 2263 805 2338 incedit3
832 2276 865 2324 ut
887 2261 927 2321 ad
945 2261 1084 2324 coelcstes
1100 2276 1222 2324 amores

240 2339 417 2406 referendos
428 2357 511 2407 totus
528 2344 729 2424 compositus,
747 2356 841 2422 atquc
857 2340 916 2422 ipsi
934 2341 1112 2407 Solomonis
1125 2339 1220 2409 Musa

246 2424 486 2503 quodammodo
495 2428 613 2487 afflatus
623 2423 768 2488 videatur.
809 2424 981 2488 lllaantem
990 2426 1058 2508 ejus
1068 2425 1219 2508 precipua

235 2510 312 2571 ,laus
330 2507 383 2588 est,
403 2505 501 2587 quod,
522 2506 596 2569 crim
613 2505 666 2568 alii
679 2525 742 2569 non
757 2504 860 2588 pauci,
879 2507 960 2573 nudi
977 2508 1220 2590 interpretatione

239 2588 323 2654 haud
339 2589 486 2670 contenti,
504 2588 627 2652 sacrum
637 2588 802 2671 Hymnum
820 2588 929 2654 misere
947 2593 1166 2673 interpolatim,
1186 2594 1217 2658 dt

238 2693 297 2755 pro
306 2693 380 2737 vero
390 2674 458 2755 ejus
475 2671 562 2736 sensu
573 2671 754 2739 mortalibus
768 2672 908 2736 nondum
918 2673 1074 2737 satiscom
1112 2690 1160 2738 rto
1172 2674 1220 2738 in·

261 2756 320 2820 enii
329 2756 374 2820 sui
387 2770 569 2820 commenta
577 2755 772 2836 venditarint,
791 2755 924 2835 indeque
937 2754 968 2818 in
979 2754 1049 2819 dive
1097 2777 1121 2836 s,
1139 2755 1217 2840 sape

238 2776 272 2904 {r
288 2853 454 2924 pugnantes
470 2837 638 2903 sententian
650 2837 799 2916 abierint3
820 2837 875 2901 ille
897 2837 1029 2925 integros
1051 2838 1169 2924 semper
1185 2842 1217 2908 dr

238 2924 432 3005 incorruptos
443 2921 532 2986 adeat
541 2919 654 3004 fomes,
674 2920 827 3007 Regiique
839 2919 1111 3004 audorisvelligiis
1123 2924 1217 2990 unice

237 3006 362 3072 insistat:
384 3007 413 3071 dc
435 3004 475 3069 ita
489 3019 594 3069 tamen
615 3003 715 3086 (quod
733 3000 861 3086 mitdrc)
883 3020 917 3068 ur
938 3006 1010 3068 nihil
1029 3005 1161 3086 usquam
1176 3007 1217 3070 de

237 3089 383 3153 carminis
399 3087 554 3152 venustate
570 3088 711 3169 decedat,
730 3106 831 3166 neque
847 3088 991 3151 orationis
1009 3106 1104 3151 nexus
1121 3092 1151 3155 dr
1170 3104 1216 3155 te·

239 3192 298 3237 nor
310 3171 442 3252 abruptis
454 3171 669 3233 sententiatum
679 3169 812 3249 periodis
824 3170 1046 3234 interturbetur.

240 3306 243 3314 .
283 3253 440 3318 Omnibus
453 3252 542 3334 igitur
557 3255 664 3334 paullo
674 3251 916 3337 humanioribus,
937 3253 1047 3333 quibus
1059 3252 1129 3316 satis
1141 3268 1216 3320 nota

236 3338 310 3402 sunt
325 3337 387 3400 alia
402 3335 540 3415 Jonstoni
557 3339 709 3417 poemata,
729 3353 796 3399 rem
813 3335 894 3399 haud
913 3337 1062 3423 ingratam
1078 3337 1152 3400 mihi
1169 3337 1217 3399 fa-

238 3422 345 3486 tSlurus
362 3419 496 3499 videbar,
516 3419 537 3482 sr
554 3436 681 3484 aureum
692 3421 764 3500 hoc,
784 3418 911 3498 &quod
923 3420 1217 3499 palmaritunausrm

236 3506 352 3587 dicere,
372 3505 440 3586 ejus
462 3502 660 3584 opusculum,
681 3516 711 3566 at
729 3501 916 3580 nescioquo
936 3499 1002 3563 sato
1024 3499 1149 3563 rariffim

237 3591 269 3654 dr
286 3587 439 3671 plerisque
457 3584 641 3666 inauditum,
660 3584 765 3646 denuo
781 3585 813 3645 in
834 3585 940 3645 lucem
956 3582 1135 3649 emitterem.
1150 3520 1216 3652 Ἣ

235 3673 323 3753 quod
335 3691 374 3734 eo
390 3666 534 3732 libentius
547 3667 564 3730 d
576 3685 628 3729 me
638 3665 800 3748 praestitum
811 3664 863 3749 eil,
884 3666 968 3748 quod
979 3684 1150 3748 numquam
1161 3690 1216 3734 an·

235 3772 285 3821 tea
298 3757 329 3818 in
349 3752 457 3818 Scoria
473 3751 550 3835 typis
562 3747 854 3814 mandatumfucrit.
897 3751 933 3815 ln
944 3751 1001 3813 hac
1012 3766 1115 3815 autem
1126 3752 1217 3818 editi·

235 3859 296 3903 one
308 3836 483 3903 adornanda
495 3852 604 3898 curam
616 3834 647 3898 in
660 3831 764 3915 primis
775 3833 909 3917 adhibui,
922 3854 986 3898 non
994 3834 1094 3898 modo
1106 3850 1138 3899 ut
1148 3834 1215 3900 for-

234 3923 287 3987 md
300 3920 452 4001 nitidiore,
472 3917 628 3980 sedetiam
643 3932 677 3981 ur
692 3917 730 4007 ab
748 3917 909 3999 erroribus,
930 3918 983 3997 qui
996 3917 1119 3998 plurimi
1131 3920 1214 3998 priris

237 4005 427 4085 irrepserant,
447 4022 479 4064 re
500 4015 634 4086 urgatus,
654 3999 882 4081 atqueaudore
894 4001 952 4065 suo
967 3998 1077 4085 dignus
1089 4002 1214 4068 libellus

232 4089 377 4174 prodiret.
421 4093 437 4170 †
495 4100 560 4150 otas
577 4097 729 4227 pratereaf
727 4083 848 4166 aliquot
864 4083 983 4168 adjeci3
1002 4102 1065 4146 non
1083 4103 1123 4146 eo
1136 4105 1214 4231 csrlrn·

745 4187 764 4232 a
1150 4189 1216 4251 110,

264 4375 274 4435 l
293 4382 386 4436 Notas.
403 4394 505 4453 quarum
517 4381 670 4430 mentionem
681 4381 723 4429 bic
736 4379 812 4440 injicit
825 4379 868 4428 vir
879 4380 1031 4438 clariil'nnus,
1046 4379 1091 4453 hac
1104 4376 1183 4426 nostra
1193 4361 1220 4428 in

233 4443 356 4505 editions·
370 4441 423 4494 libri
436 4442 523 4497 scilieet
536 4446 598 4496 tiroli
611 4441 773 4506 consulentes,
787 4443 901 4497 omittere
910 4443 1044 4498 consultius
1057 4440 1135 4493 vasum
1146 4439 1188 4494 est.
