<?xml version="1.0" encoding="UTF-8"?>
<!DOCTYPE html PUBLIC "-//W3C//DTD XHTML 1.0 Transitional//EN"
    "http://www.w3.org/TR/xhtml1/DTD/xhtml1-transitional.dtd">
<html xmlns="http://www.w3.org/1999/xhtml" xml:lang="en" lang="en">
 <head>
  <title>
</title>
<meta http-equiv="Content-Type" content="text/html;charset=utf-8" />
  <meta name='ocr-system' content='tesseract 3.04.00' />
  <meta name='ocr-capabilities' content='ocr_page ocr_carea ocr_par ocr_line ocrx_word'/>
</head>
<body>
  <div class='ocr_page' id='page_1' title='image "./poetarumscotoru01adamgoog_0049.png"; bbox 0 0 3192 5534; ppageno 0'>
   <div class='ocr_carea' id='block_1_1' title="bbox 364 720 1146 827">
    <p class='ocr_par' dir='ltr' id='par_1_1' title="bbox 364 720 1146 827">
     <span class='ocr_line' id='line_1_1' title="bbox 364 720 1146 827; baseline 0.001 -26"><span class='ocrx_word' id='word_1_1' title='bbox 364 727 493 827; x_wconf 62' lang='lat' dir='ltr'>,xxiiii</span> <span class='ocrx_word' id='word_1_2' title='bbox 593 726 833 805; x_wconf 75' lang='lat' dir='ltr'>Dedicariones</span> <span class='ocrx_word' id='word_1_3' title='bbox 850 723 888 805; x_wconf 70' lang='lat' dir='ltr'>ii</span> <span class='ocrx_word' id='word_1_4' title='bbox 907 720 1146 825; x_wconf 78' lang='lat' dir='ltr'>Prasariones.</span> 
     </span>
    </p>
   </div>
   <div class='ocr_carea' id='block_1_2' title="bbox 370 866 1370 1458">
    <p class='ocr_par' dir='ltr' id='par_1_2' title="bbox 370 866 1370 1458">
     <span class='ocr_line' id='line_1_2' title="bbox 386 866 1364 963; baseline 0.016 -32"><span class='ocrx_word' id='word_1_5' title='bbox 386 866 542 935; x_wconf 88' lang='lat' dir='ltr'>dirlimum</span> <span class='ocrx_word' id='word_1_6' title='bbox 552 870 664 953; x_wconf 86' lang='lat' dir='ltr'>virum,</span> <span class='ocrx_word' id='word_1_7' title='bbox 684 870 809 955; x_wconf 81' lang='lat' dir='ltr'>melida,</span> <span class='ocrx_word' id='word_1_8' title='bbox 829 869 944 955; x_wconf 84' lang='lat' dir='ltr'>rcrfitls,</span> <span class='ocrx_word' id='word_1_9' title='bbox 965 887 1017 937; x_wconf 88' lang='lat' dir='ltr'>aut</span> <span class='ocrx_word' id='word_1_10' title='bbox 1036 868 1221 940; x_wconf 76' lang='lat' dir='ltr'>concinnius</span> <span class='ocrx_word' id='word_1_11' title='bbox 1238 874 1364 963; x_wconf 73' lang='lat' dir='ltr'>scripit,</span> 
     </span>
     <span class='ocr_line' id='line_1_3' title="bbox 389 950 1364 1039; baseline 0.004 -22"><span class='ocrx_word' id='word_1_12' title='bbox 389 950 528 1020; x_wconf 79' lang='lat' dir='ltr'>Psalmos</span> <span class='ocrx_word' id='word_1_13' title='bbox 550 953 722 1021; x_wconf 77' lang='lat' dir='ltr'>Dauidicos</span> <span class='ocrx_word' id='word_1_14' title='bbox 743 955 860 1021; x_wconf 78' lang='lat' dir='ltr'>reduco</span> <span class='ocrx_word' id='word_1_15' title='bbox 878 955 909 1021; x_wconf 90' lang='lat' dir='ltr'>in</span> <span class='ocrx_word' id='word_1_16' title='bbox 931 960 1048 1039; x_wconf 86' lang='lat' dir='ltr'>lucem,</span> <span class='ocrx_word' id='word_1_17' title='bbox 1078 954 1194 1023; x_wconf 64' lang='lat' dir='ltr'>laedor</span> <span class='ocrx_word' id='word_1_18' title='bbox 1210 966 1364 1035; x_wconf 65' lang='lat' dir='ltr'>aralunae.</span> 
     </span>
     <span class='ocr_line' id='line_1_4' title="bbox 370 1033 1366 1125; baseline 0.002 -22"><span class='ocrx_word' id='word_1_19' title='bbox 370 1068 376 1085; x_wconf 86' lang='lat'><strong>·</strong></span> <span class='ocrx_word' id='word_1_20' title='bbox 390 1033 478 1103; x_wconf 90' lang='lat' dir='ltr'>Curn</span> <span class='ocrx_word' id='word_1_21' title='bbox 492 1039 575 1104; x_wconf 85' lang='lat' dir='ltr'>enirn</span> <span class='ocrx_word' id='word_1_22' title='bbox 586 1038 701 1103; x_wconf 88' lang='lat' dir='ltr'>mirum</span> <span class='ocrx_word' id='word_1_23' title='bbox 712 1037 742 1103; x_wconf 93' lang='lat' dir='ltr'>in</span> <span class='ocrx_word' id='word_1_24' title='bbox 758 1039 889 1105; x_wconf 86' lang='lat' dir='ltr'>modum</span> <span class='ocrx_word' id='word_1_25' title='bbox 902 1058 1024 1123; x_wconf 85' lang='lat' dir='ltr'>caperet</span> <span class='ocrx_word' id='word_1_26' title='bbox 1034 1038 1120 1105; x_wconf 83' lang='lat' dir='ltr'>felici</span> <span class='ocrx_word' id='word_1_27' title='bbox 1137 1036 1283 1125; x_wconf 65' lang='lat' dir='ltr'>poetandi</span> <span class='ocrx_word' id='word_1_28' title='bbox 1295 1040 1366 1107; x_wconf 81' lang='lat' dir='ltr'>rati·</span> 
     </span>
     <span class='ocr_line' id='line_1_5' title="bbox 391 1121 1366 1203; baseline 0 -16"><span class='ocrx_word' id='word_1_29' title='bbox 391 1139 463 1203; x_wconf 93' lang='lat' dir='ltr'>onc,</span> <span class='ocrx_word' id='word_1_30' title='bbox 482 1121 542 1201; x_wconf 83' lang='lat' dir='ltr'>qul</span> <span class='ocrx_word' id='word_1_31' title='bbox 556 1121 723 1187; x_wconf 86' lang='lat' dir='ltr'>brevitet&amp;</span> <span class='ocrx_word' id='word_1_32' title='bbox 741 1124 801 1186; x_wconf 85' lang='lat' dir='ltr'>fine</span> <span class='ocrx_word' id='word_1_33' title='bbox 818 1125 883 1186; x_wconf 87' lang='lat' dir='ltr'>ulla</span> <span class='ocrx_word' id='word_1_34' title='bbox 900 1121 1079 1188; x_wconf 87' lang='lat' dir='ltr'>circuitione</span> <span class='ocrx_word' id='word_1_35' title='bbox 1095 1139 1192 1190; x_wconf 74' lang='lat' dir='ltr'>tanus</span> <span class='ocrx_word' id='word_1_36' title='bbox 1209 1140 1258 1187; x_wconf 84' lang='lat' dir='ltr'>tea</span> <span class='ocrx_word' id='word_1_37' title='bbox 1274 1140 1366 1190; x_wconf 87' lang='lat' dir='ltr'>corn·</span> 
     </span>
     <span class='ocr_line' id='line_1_6' title="bbox 390 1204 1370 1302; baseline 0.002 -34"><span class='ocrx_word' id='word_1_38' title='bbox 390 1206 498 1288; x_wconf 81' lang='lat' dir='ltr'>plexus</span> <span class='ocrx_word' id='word_1_39' title='bbox 509 1204 562 1289; x_wconf 85' lang='lat' dir='ltr'>eil,</span> <span class='ocrx_word' id='word_1_40' title='bbox 583 1225 644 1269; x_wconf 92' lang='lat' dir='ltr'>non</span> <span class='ocrx_word' id='word_1_41' title='bbox 661 1205 822 1271; x_wconf 74' lang='lat' dir='ltr'>imminuti</span> <span class='ocrx_word' id='word_1_42' title='bbox 839 1205 1053 1271; x_wconf 86' lang='lat' dir='ltr'>sententiatum</span> <span class='ocrx_word' id='word_1_43' title='bbox 1063 1207 1219 1291; x_wconf 82' lang='lat' dir='ltr'>gravitate,</span> <span class='ocrx_word' id='word_1_44' title='bbox 1232 1206 1370 1302; x_wconf 66' lang='lat' dir='ltr'>legenti·</span> 
     </span>
     <span class='ocr_line' id='line_1_7' title="bbox 392 1287 1368 1367; baseline 0.004 -16"><span class='ocrx_word' id='word_1_45' title='bbox 392 1304 509 1367; x_wconf 89' lang='lat' dir='ltr'>umque</span> <span class='ocrx_word' id='word_1_46' title='bbox 533 1287 672 1353; x_wconf 86' lang='lat' dir='ltr'>animum</span> <span class='ocrx_word' id='word_1_47' title='bbox 694 1306 801 1355; x_wconf 89' lang='lat' dir='ltr'>contra</span> <span class='ocrx_word' id='word_1_48' title='bbox 823 1306 949 1354; x_wconf 88' lang='lat' dir='ltr'>omnem</span> <span class='ocrx_word' id='word_1_49' title='bbox 971 1288 1136 1357; x_wconf 81' lang='lat' dir='ltr'>satietatem</span> <span class='ocrx_word' id='word_1_50' title='bbox 1159 1292 1189 1357; x_wconf 89' lang='lat' dir='ltr'>dr</span> <span class='ocrx_word' id='word_1_51' title='bbox 1209 1288 1368 1356; x_wconf 77' lang='lat' dir='ltr'>fastidium</span> 
     </span>
     <span class='ocr_line' id='line_1_8' title="bbox 391 1362 1368 1458; baseline 0.005 -25"><span class='ocrx_word' id='word_1_52' title='bbox 391 1370 532 1453; x_wconf 91' lang='lat' dir='ltr'>munivit,</span> <span class='ocrx_word' id='word_1_53' title='bbox 552 1370 697 1437; x_wconf 79' lang='lat' dir='ltr'>dolebam</span> <span class='ocrx_word' id='word_1_54' title='bbox 712 1362 857 1456; x_wconf 75' lang='lat' dir='ltr'>profcdlir&#39;</span> <span class='ocrx_word' id='word_1_55' title='bbox 870 1393 933 1439; x_wconf 91' lang='lat' dir='ltr'>non</span> <span class='ocrx_word' id='word_1_56' title='bbox 956 1372 1082 1438; x_wconf 89' lang='lat' dir='ltr'>inveniri</span> <span class='ocrx_word' id='word_1_57' title='bbox 1102 1374 1192 1458; x_wconf 83' lang='lat' dir='ltr'>hujus</span> <span class='ocrx_word' id='word_1_58' title='bbox 1210 1372 1313 1437; x_wconf 86' lang='lat' dir='ltr'>libelli</span> <span class='ocrx_word' id='word_1_59' title='bbox 1337 1392 1368 1437; x_wconf 88' lang='lat' dir='ltr'>e·</span> 
     </span>
    </p>
   </div>
   <div class='ocr_carea' id='block_1_3' title="bbox 267 1455 1385 1607">
    <p class='ocr_par' dir='ltr' id='par_1_3' title="bbox 267 1455 1385 1607">
     <span class='ocr_line' id='line_1_9' title="bbox 267 1455 1385 1541; baseline 0.004 -26"><span class='ocrx_word' id='word_1_60' title='bbox 267 1512 272 1525; x_wconf 79' lang='grc'><em>,</em></span> <span class='ocrx_word' id='word_1_61' title='bbox 393 1455 526 1537; x_wconf 74' lang='lat' dir='ltr'>templa,</span> <span class='ocrx_word' id='word_1_62' title='bbox 547 1455 598 1519; x_wconf 86' lang='lat' dir='ltr'>nifi</span> <span class='ocrx_word' id='word_1_63' title='bbox 610 1455 729 1538; x_wconf 92' lang='lat' dir='ltr'>prorsus</span> <span class='ocrx_word' id='word_1_64' title='bbox 742 1456 1068 1522; x_wconf 74' lang='lat' dir='ltr'>defoedataumenu&#39;is</span> <span class='ocrx_word' id='word_1_65' title='bbox 1081 1456 1236 1521; x_wconf 88' lang='lat' dir='ltr'>scatentia.</span> <span class='ocrx_word' id='word_1_66' title='bbox 1258 1456 1385 1541; x_wconf 37' lang='lat' dir='ltr'>Quare,</span> 
     </span>
     <span class='ocr_line' id='line_1_10' title="bbox 382 1534 1367 1607; baseline 0.004 -6"><span class='ocrx_word' id='word_1_67' title='bbox 382 1534 501 1602; x_wconf 73' lang='lat' dir='ltr'>audlor</span> <span class='ocrx_word' id='word_1_68' title='bbox 515 1536 560 1602; x_wconf 89' lang='lat' dir='ltr'>fui</span> <span class='ocrx_word' id='word_1_69' title='bbox 577 1539 742 1605; x_wconf 81' lang='lat' dir='ltr'>l&#39;rancisco</span> <span class='ocrx_word' id='word_1_70' title='bbox 754 1542 876 1607; x_wconf 82' lang='lat' dir='ltr'>Halma</span> <span class='ocrx_word' id='word_1_71' title='bbox 889 1555 921 1604; x_wconf 90' lang='lat' dir='ltr'>ut</span> <span class='ocrx_word' id='word_1_72' title='bbox 932 1556 1045 1604; x_wconf 84' lang='lat' dir='ltr'>novam</span> <span class='ocrx_word' id='word_1_73' title='bbox 1057 1540 1223 1605; x_wconf 85' lang='lat' dir='ltr'>editionem</span> <span class='ocrx_word' id='word_1_74' title='bbox 1234 1538 1367 1605; x_wconf 83' lang='lat' dir='ltr'>adorna·</span> 
     </span>
    </p>
   </div>
   <div class='ocr_carea' id='block_1_4' title="bbox 324 1618 1382 3288">
    <p class='ocr_par' dir='ltr' id='par_1_4' title="bbox 324 1618 1382 3288">
     <span class='ocr_line' id='line_1_11' title="bbox 393 1618 1371 1706; baseline 0.006 -22"><span class='ocrx_word' id='word_1_75' title='bbox 393 1634 448 1685; x_wconf 83' lang='lat' dir='ltr'>ret.</span> <span class='ocrx_word' id='word_1_76' title='bbox 491 1618 564 1685; x_wconf 90' lang='lat' dir='ltr'>Nec</span> <span class='ocrx_word' id='word_1_77' title='bbox 580 1622 678 1687; x_wconf 85' lang='lat' dir='ltr'>defuit</span> <span class='ocrx_word' id='word_1_78' title='bbox 693 1624 745 1687; x_wconf 89' lang='lat' dir='ltr'>ille</span> <span class='ocrx_word' id='word_1_79' title='bbox 763 1623 910 1689; x_wconf 83' lang='lat' dir='ltr'>deiidetio</span> <span class='ocrx_word' id='word_1_80' title='bbox 924 1642 1008 1706; x_wconf 91' lang='lat' dir='ltr'>mco,</span> <span class='ocrx_word' id='word_1_81' title='bbox 1029 1620 1237 1690; x_wconf 79' lang='lat' dir='ltr'>straviffitnum</span> <span class='ocrx_word' id='word_1_82' title='bbox 1254 1624 1318 1687; x_wconf 87' lang='lat' dir='ltr'>hoc</span> <span class='ocrx_word' id='word_1_83' title='bbox 1334 1644 1371 1690; x_wconf 91' lang='lat' dir='ltr'>o-</span> 
     </span>
     <span class='ocr_line' id='line_1_12' title="bbox 393 1703 1369 1790; baseline 0.007 -23"><span class='ocrx_word' id='word_1_84' title='bbox 393 1703 558 1786; x_wconf 88' lang='lat' dir='ltr'>pusculum</span> <span class='ocrx_word' id='word_1_85' title='bbox 579 1705 620 1770; x_wconf 85' lang='lat' dir='ltr'>ita</span> <span class='ocrx_word' id='word_1_86' title='bbox 641 1722 820 1790; x_wconf 83' lang='lat' dir='ltr'>procurans,</span> <span class='ocrx_word' id='word_1_87' title='bbox 858 1720 891 1771; x_wconf 86' lang='lat' dir='ltr'>ut</span> <span class='ocrx_word' id='word_1_88' title='bbox 912 1706 1082 1771; x_wconf 78' lang='lat' dir='ltr'>chara&#39;dlcre</span> <span class='ocrx_word' id='word_1_89' title='bbox 1103 1727 1185 1772; x_wconf 84' lang='lat' dir='ltr'>novo</span> <span class='ocrx_word' id='word_1_90' title='bbox 1208 1704 1369 1790; x_wconf 67' lang='lat' dir='ltr'>nitidique</span> 
     </span>
     <span class='ocr_line' id='line_1_13' title="bbox 383 1787 1371 1875; baseline 0.004 -23"><span class='ocrx_word' id='word_1_91' title='bbox 383 1788 498 1854; x_wconf 79' lang='lat' dir='ltr'>elrartl</span> <span class='ocrx_word' id='word_1_92' title='bbox 513 1787 682 1873; x_wconf 79' lang='lat' dir='ltr'>expressum</span> <span class='ocrx_word' id='word_1_93' title='bbox 702 1788 797 1855; x_wconf 82' lang='lat' dir='ltr'>facild</span> <span class='ocrx_word' id='word_1_94' title='bbox 816 1792 911 1875; x_wconf 87' lang='lat' dir='ltr'>pollet</span> <span class='ocrx_word' id='word_1_95' title='bbox 932 1788 1133 1856; x_wconf 78' lang='lat' dir='ltr'>circumferri.</span> <span class='ocrx_word' id='word_1_96' title='bbox 1175 1788 1214 1855; x_wconf 85' lang='lat' dir='ltr'>Et</span> <span class='ocrx_word' id='word_1_97' title='bbox 1231 1788 1371 1856; x_wconf 84' lang='lat' dir='ltr'>circum·</span> 
     </span>
     <span class='ocr_line' id='line_1_14' title="bbox 392 1868 1372 1958; baseline 0.005 -24"><span class='ocrx_word' id='word_1_98' title='bbox 392 1868 466 1938; x_wconf 84' lang='lat' dir='ltr'>ferri</span> <span class='ocrx_word' id='word_1_99' title='bbox 478 1873 573 1958; x_wconf 72' lang='lat' dir='ltr'>certi,</span> <span class='ocrx_word' id='word_1_100' title='bbox 595 1876 623 1940; x_wconf 78' lang='lat' dir='ltr'>de</span> <span class='ocrx_word' id='word_1_101' title='bbox 643 1873 673 1939; x_wconf 90' lang='lat' dir='ltr'>in</span> <span class='ocrx_word' id='word_1_102' title='bbox 688 1892 818 1939; x_wconf 87' lang='lat' dir='ltr'>numero</span> <span class='ocrx_word' id='word_1_103' title='bbox 835 1877 987 1939; x_wconf 89' lang='lat' dir='ltr'>bonorum</span> <span class='ocrx_word' id='word_1_104' title='bbox 1003 1874 1153 1939; x_wconf 90' lang='lat' dir='ltr'>librorum</span> <span class='ocrx_word' id='word_1_105' title='bbox 1168 1873 1325 1940; x_wconf 84' lang='lat' dir='ltr'>collocati</span> <span class='ocrx_word' id='word_1_106' title='bbox 1339 1894 1372 1939; x_wconf 86' lang='lat' dir='ltr'>e·</span> 
     </span>
     <span class='ocr_line' id='line_1_15' title="bbox 324 1956 1373 2043; baseline 0 -20"><span class='ocrx_word' id='word_1_107' title='bbox 324 2018 328 2023; x_wconf 91' lang='lat'>.</span> <span class='ocrx_word' id='word_1_108' title='bbox 395 1958 582 2042; x_wconf 84' lang='lat' dir='ltr'>tatneceffc,</span> <span class='ocrx_word' id='word_1_109' title='bbox 603 1957 688 2039; x_wconf 81' lang='lat' dir='ltr'>qudd</span> <span class='ocrx_word' id='word_1_110' title='bbox 708 1957 780 2022; x_wconf 89' lang='lat' dir='ltr'>nihil</span> <span class='ocrx_word' id='word_1_111' title='bbox 794 1957 828 2023; x_wconf 84' lang='lat' dir='ltr'>fit</span> <span class='ocrx_word' id='word_1_112' title='bbox 844 1958 948 2023; x_wconf 83' lang='lat' dir='ltr'>utilius</span> <span class='ocrx_word' id='word_1_113' title='bbox 960 1957 1077 2023; x_wconf 88' lang='lat' dir='ltr'>homini</span> <span class='ocrx_word' id='word_1_114' title='bbox 1088 1956 1373 2043; x_wconf 75' lang='lat' dir='ltr'>ingenuodrbonaa</span> 
     </span>
     <span class='ocr_line' id='line_1_16' title="bbox 393 2038 1373 2124; baseline 0.007 -23"><span class='ocrx_word' id='word_1_115' title='bbox 393 2039 495 2107; x_wconf 85' lang='lat' dir='ltr'>literas</span> <span class='ocrx_word' id='word_1_116' title='bbox 507 2042 629 2124; x_wconf 76' lang='lat' dir='ltr'>edullo,</span> <span class='ocrx_word' id='word_1_117' title='bbox 650 2041 744 2123; x_wconf 86' lang='lat' dir='ltr'>qudm</span> <span class='ocrx_word' id='word_1_118' title='bbox 756 2039 866 2106; x_wconf 76' lang='lat' dir='ltr'>crebri&gt;</span> <span class='ocrx_word' id='word_1_119' title='bbox 882 2038 991 2104; x_wconf 88' lang='lat' dir='ltr'>versari</span> <span class='ocrx_word' id='word_1_120' title='bbox 1006 2041 1036 2105; x_wconf 91' lang='lat' dir='ltr'>in</span> <span class='ocrx_word' id='word_1_121' title='bbox 1054 2041 1156 2106; x_wconf 90' lang='lat' dir='ltr'>divina</span> <span class='ocrx_word' id='word_1_122' title='bbox 1167 2041 1222 2103; x_wconf 88' lang='lat' dir='ltr'>hac</span> <span class='ocrx_word' id='word_1_123' title='bbox 1235 2040 1373 2124; x_wconf 87' lang='lat' dir='ltr'>philoso-</span> 
     </span>
     <span class='ocr_line' id='line_1_17' title="bbox 395 2123 1376 2211; baseline 0.004 -24"><span class='ocrx_word' id='word_1_124' title='bbox 395 2124 476 2206; x_wconf 89' lang='lat' dir='ltr'>phia,</span> <span class='ocrx_word' id='word_1_125' title='bbox 497 2145 565 2207; x_wconf 76' lang='lat' dir='ltr'>qua</span> <span class='ocrx_word' id='word_1_126' title='bbox 581 2126 695 2211; x_wconf 88' lang='lat' dir='ltr'>optima</span> <span class='ocrx_word' id='word_1_127' title='bbox 710 2126 804 2190; x_wconf 88' lang='lat' dir='ltr'>etiam</span> <span class='ocrx_word' id='word_1_128' title='bbox 820 2125 960 2189; x_wconf 77' lang='lat' dir='ltr'>humane</span> <span class='ocrx_word' id='word_1_129' title='bbox 977 2123 1125 2206; x_wconf 77' lang='lat' dir='ltr'>sapientie</span> <span class='ocrx_word' id='word_1_130' title='bbox 1140 2138 1292 2208; x_wconf 77' lang='lat' dir='ltr'>precepta</span> <span class='ocrx_word' id='word_1_131' title='bbox 1303 2127 1376 2191; x_wconf 92' lang='lat' dir='ltr'>lon·</span> 
     </span>
     <span class='ocr_line' id='line_1_18' title="bbox 395 2207 1375 2291; baseline 0.003 -19"><span class='ocrx_word' id='word_1_132' title='bbox 395 2226 437 2291; x_wconf 84' lang='lat' dir='ltr'>go</span> <span class='ocrx_word' id='word_1_133' title='bbox 449 2210 512 2290; x_wconf 87' lang='lat' dir='ltr'>poll</span> <span class='ocrx_word' id='word_1_134' title='bbox 524 2210 554 2275; x_wconf 88' lang='lat' dir='ltr'>se</span> <span class='ocrx_word' id='word_1_135' title='bbox 564 2212 642 2277; x_wconf 81' lang='lat' dir='ltr'>telin</span> <span class='ocrx_word' id='word_1_136' title='bbox 665 2209 890 2275; x_wconf 86' lang='lat' dir='ltr'>uirintervallo.</span> <span class='ocrx_word' id='word_1_137' title='bbox 913 2208 997 2291; x_wconf 90' lang='lat' dir='ltr'>Quid</span> <span class='ocrx_word' id='word_1_138' title='bbox 1010 2209 1092 2271; x_wconf 88' lang='lat' dir='ltr'>euim</span> <span class='ocrx_word' id='word_1_139' title='bbox 1105 2208 1208 2273; x_wconf 81' lang='lat' dir='ltr'>utilius</span> <span class='ocrx_word' id='word_1_140' title='bbox 1220 2207 1261 2272; x_wconf 87' lang='lat' dir='ltr'>cll</span> <span class='ocrx_word' id='word_1_141' title='bbox 1275 2208 1375 2291; x_wconf 77' lang='lat' dir='ltr'>quim</span> 
     </span>
     <span class='ocr_line' id='line_1_19' title="bbox 385 2229 1375 2377; baseline 0.006 -25"><span class='ocrx_word' id='word_1_142' title='bbox 385 2288 461 2370; x_wconf 77' lang='lat' dir='ltr'>liic,</span> <span class='ocrx_word' id='word_1_143' title='bbox 478 2298 563 2356; x_wconf 84' lang='lat' dir='ltr'>velut</span> <span class='ocrx_word' id='word_1_144' title='bbox 578 2296 608 2359; x_wconf 89' lang='lat' dir='ltr'>in</span> <span class='ocrx_word' id='word_1_145' title='bbox 619 2229 734 2377; x_wconf 48' lang='lat' dir='ltr'>tadula,</span> <span class='ocrx_word' id='word_1_146' title='bbox 750 2290 952 2374; x_wconf 87' lang='lat' dir='ltr'>contemplari</span> <span class='ocrx_word' id='word_1_147' title='bbox 966 2289 1116 2357; x_wconf 85' lang='lat' dir='ltr'>lnfinitam</span> <span class='ocrx_word' id='word_1_148' title='bbox 1128 2288 1189 2355; x_wconf 84' lang='lat' dir='ltr'>Dei</span> <span class='ocrx_word' id='word_1_149' title='bbox 1201 2292 1375 2358; x_wconf 75' lang='lat' dir='ltr'>bonitatem</span> 
     </span>
     <span class='ocr_line' id='line_1_20' title="bbox 384 2372 1376 2460; baseline 0.009 -27"><span class='ocrx_word' id='word_1_150' title='bbox 384 2389 476 2436; x_wconf 84' lang='lat' dir='ltr'>¹cum</span> <span class='ocrx_word' id='word_1_151' title='bbox 498 2375 617 2438; x_wconf 75' lang='lat' dir='ltr'>summa</span> <span class='ocrx_word' id='word_1_152' title='bbox 646 2377 802 2455; x_wconf 81' lang='lat' dir='ltr'>prudcnril</span> <span class='ocrx_word' id='word_1_153' title='bbox 826 2372 1046 2460; x_wconf 78' lang='lat' dir='ltr'>conjuudlam?</span> <span class='ocrx_word' id='word_1_154' title='bbox 1089 2374 1174 2460; x_wconf 90' lang='lat' dir='ltr'>Quid</span> <span class='ocrx_word' id='word_1_155' title='bbox 1196 2375 1305 2441; x_wconf 80' lang='lat' dir='ltr'>utilius</span> <span class='ocrx_word' id='word_1_156' title='bbox 1332 2375 1376 2442; x_wconf 80' lang='lat' dir='ltr'>est</span> 
     </span>
     <span class='ocr_line' id='line_1_21' title="bbox 401 2455 1378 2543; baseline 0.008 -25"><span class='ocrx_word' id='word_1_157' title='bbox 401 2455 497 2536; x_wconf 75' lang='lat' dir='ltr'>quam</span> <span class='ocrx_word' id='word_1_158' title='bbox 508 2455 617 2519; x_wconf 73' lang='lat' dir='ltr'>crebro</span> <span class='ocrx_word' id='word_1_159' title='bbox 635 2455 773 2518; x_wconf 84' lang='lat' dir='ltr'>meditari</span> <span class='ocrx_word' id='word_1_160' title='bbox 785 2459 876 2517; x_wconf 83' lang='lat' dir='ltr'>illum</span> <span class='ocrx_word' id='word_1_161' title='bbox 889 2460 982 2539; x_wconf 84' lang='lat' dir='ltr'>diem,</span> <span class='ocrx_word' id='word_1_162' title='bbox 1003 2464 1114 2539; x_wconf 86' lang='lat' dir='ltr'>quoad</span> <span class='ocrx_word' id='word_1_163' title='bbox 1127 2458 1258 2522; x_wconf 88' lang='lat' dir='ltr'>tribunal</span> <span class='ocrx_word' id='word_1_164' title='bbox 1271 2458 1378 2543; x_wconf 77' lang='lat' dir='ltr'>supre-</span> 
     </span>
     <span class='ocr_line' id='line_1_22' title="bbox 400 2536 1378 2621; baseline 0.007 -20"><span class='ocrx_word' id='word_1_165' title='bbox 400 2536 739 2618; x_wconf 86' lang='lat' dir='ltr'>miJudicisreddeuda</span> <span class='ocrx_word' id='word_1_166' title='bbox 750 2536 806 2598; x_wconf 89' lang='lat' dir='ltr'>erit</span> <span class='ocrx_word' id='word_1_167' title='bbox 817 2537 893 2599; x_wconf 87' lang='lat' dir='ltr'>ratio</span> <span class='ocrx_word' id='word_1_168' title='bbox 904 2539 1095 2601; x_wconf 82' lang='lat' dir='ltr'>totiusvitae?</span> <span class='ocrx_word' id='word_1_169' title='bbox 1139 2538 1287 2621; x_wconf 84' lang='lat' dir='ltr'>Denique</span> <span class='ocrx_word' id='word_1_170' title='bbox 1324 2536 1378 2608; x_wconf 80' lang='lat' dir='ltr'>u&#39;id</span> 
     </span>
     <span class='ocr_line' id='line_1_23' title="bbox 400 2561 1380 2705; baseline -0.001 -17"><span class='ocrx_word' id='word_1_171' title='bbox 400 2622 545 2705; x_wconf 72' lang='lat' dir='ltr'>sandius,</span> <span class='ocrx_word' id='word_1_172' title='bbox 565 2619 660 2703; x_wconf 78' lang='lat' dir='ltr'>qudm</span> <span class='ocrx_word' id='word_1_173' title='bbox 676 2618 707 2683; x_wconf 89' lang='lat' dir='ltr'>in</span> <span class='ocrx_word' id='word_1_174' title='bbox 725 2614 798 2681; x_wconf 84' lang='lat' dir='ltr'>Deo</span> <span class='ocrx_word' id='word_1_175' title='bbox 814 2617 882 2681; x_wconf 89' lang='lat' dir='ltr'>solo</span> <span class='ocrx_word' id='word_1_176' title='bbox 898 2619 1057 2681; x_wconf 85' lang='lat' dir='ltr'>collocare</span> <span class='ocrx_word' id='word_1_177' title='bbox 1074 2620 1159 2700; x_wconf 88' lang='lat' dir='ltr'>spem</span> <span class='ocrx_word' id='word_1_178' title='bbox 1170 2623 1267 2698; x_wconf 79' lang='lat' dir='ltr'>luam,</span> <span class='ocrx_word' id='word_1_179' title='bbox 1290 2561 1380 2692; x_wconf 62' lang='lat' dir='ltr'>ided-</span> 
     </span>
     <span class='ocr_line' id='line_1_24' title="bbox 403 2700 1381 2795; baseline -0.002 -25"><span class='ocrx_word' id='word_1_180' title='bbox 403 2725 465 2788; x_wconf 94' lang='lat' dir='ltr'>que</span> <span class='ocrx_word' id='word_1_181' title='bbox 476 2704 582 2771; x_wconf 90' lang='lat' dir='ltr'>omnia</span> <span class='ocrx_word' id='word_1_182' title='bbox 598 2704 652 2769; x_wconf 86' lang='lat' dir='ltr'>illa</span> <span class='ocrx_word' id='word_1_183' title='bbox 669 2701 754 2767; x_wconf 88' lang='lat' dir='ltr'>nihili</span> <span class='ocrx_word' id='word_1_184' title='bbox 772 2700 897 2780; x_wconf 86' lang='lat' dir='ltr'>ducere,</span> <span class='ocrx_word' id='word_1_185' title='bbox 917 2718 984 2782; x_wconf 76' lang='lat' dir='ltr'>qua</span> <span class='ocrx_word' id='word_1_186' title='bbox 996 2703 1107 2785; x_wconf 78' lang='lat' dir='ltr'>vulgus</span> <span class='ocrx_word' id='word_1_187' title='bbox 1120 2704 1200 2766; x_wconf 89' lang='lat' dir='ltr'>bona</span> <span class='ocrx_word' id='word_1_188' title='bbox 1215 2704 1381 2795; x_wconf 69' lang='lat' dir='ltr'>existimat,</span> 
     </span>
     <span class='ocr_line' id='line_1_25' title="bbox 402 2782 1382 2873; baseline -0.002 -18"><span class='ocrx_word' id='word_1_189' title='bbox 402 2810 502 2873; x_wconf 86' lang='lat' dir='ltr'>neque</span> <span class='ocrx_word' id='word_1_190' title='bbox 518 2789 623 2855; x_wconf 85' lang='lat' dir='ltr'>animo</span> <span class='ocrx_word' id='word_1_191' title='bbox 639 2785 748 2849; x_wconf 87' lang='lat' dir='ltr'>cadere</span> <span class='ocrx_word' id='word_1_192' title='bbox 764 2783 795 2849; x_wconf 93' lang='lat' dir='ltr'>in</span> <span class='ocrx_word' id='word_1_193' title='bbox 813 2785 901 2848; x_wconf 88' lang='lat' dir='ltr'>rebus</span> <span class='ocrx_word' id='word_1_194' title='bbox 916 2784 1057 2867; x_wconf 82' lang='lat' dir='ltr'>adversis,</span> <span class='ocrx_word' id='word_1_195' title='bbox 1077 2784 1202 2866; x_wconf 89' lang='lat' dir='ltr'>quando</span> <span class='ocrx_word' id='word_1_196' title='bbox 1217 2782 1268 2849; x_wconf 86' lang='lat' dir='ltr'>hic</span> <span class='ocrx_word' id='word_1_197' title='bbox 1280 2788 1382 2859; x_wconf 75' lang='lat' dir='ltr'>doca-</span> 
     </span>
     <span class='ocr_line' id='line_1_26' title="bbox 403 2867 1381 2950; baseline -0.01 -12"><span class='ocrx_word' id='word_1_198' title='bbox 403 2891 475 2939; x_wconf 89' lang='lat' dir='ltr'>mur</span> <span class='ocrx_word' id='word_1_199' title='bbox 486 2871 709 2950; x_wconf 66' lang='lat' dir='ltr'>adveniatque</span> <span class='ocrx_word' id='word_1_200' title='bbox 725 2867 937 2949; x_wconf 89' lang='lat' dir='ltr'>iueommoda,</span> <span class='ocrx_word' id='word_1_201' title='bbox 957 2868 1066 2947; x_wconf 81' lang='lat' dir='ltr'>quibus</span> <span class='ocrx_word' id='word_1_202' title='bbox 1084 2868 1179 2932; x_wconf 82' lang='lat' dir='ltr'>affluit</span> <span class='ocrx_word' id='word_1_203' title='bbox 1194 2867 1255 2934; x_wconf 84' lang='lat' dir='ltr'>vita</span> <span class='ocrx_word' id='word_1_204' title='bbox 1266 2868 1381 2942; x_wconf 66' lang='lat' dir='ltr'>huma.</span> 
     </span>
     <span class='ocr_line' id='line_1_27' title="bbox 405 2949 1382 3042; baseline -0.004 -18"><span class='ocrx_word' id='word_1_205' title='bbox 405 2976 520 3042; x_wconf 88' lang='lat' dir='ltr'>na,non</span> <span class='ocrx_word' id='word_1_206' title='bbox 531 2952 589 3020; x_wconf 84' lang='lat' dir='ltr'>elle</span> <span class='ocrx_word' id='word_1_207' title='bbox 601 2949 737 3015; x_wconf 87' lang='lat' dir='ltr'>habenda</span> <span class='ocrx_word' id='word_1_208' title='bbox 748 2950 917 3013; x_wconf 83' lang='lat' dir='ltr'>innumero</span> <span class='ocrx_word' id='word_1_209' title='bbox 929 2949 1206 3017; x_wconf 64' lang='lat' dir='ltr'>multirumiDiscu</span> <span class='ocrx_word' id='word_1_210' title='bbox 1217 2953 1295 3038; x_wconf 72' lang='lat' dir='ltr'>ergo</span> <span class='ocrx_word' id='word_1_211' title='bbox 1307 2958 1382 3026; x_wconf 86' lang='lat' dir='ltr'>hinc</span> 
     </span>
     <span class='ocr_line' id='line_1_28' title="bbox 406 3033 1382 3118; baseline -0.006 -10"><span class='ocrx_word' id='word_1_212' title='bbox 406 3061 482 3108; x_wconf 87' lang='lat' dir='ltr'>curn</span> <span class='ocrx_word' id='word_1_213' title='bbox 493 3037 596 3106; x_wconf 68' lang='lat' dir='ltr'>frudlu</span> <span class='ocrx_word' id='word_1_214' title='bbox 606 3035 658 3102; x_wconf 84' lang='lat' dir='ltr'>tibi</span> <span class='ocrx_word' id='word_1_215' title='bbox 671 3036 752 3098; x_wconf 86' lang='lat' dir='ltr'>viam</span> <span class='ocrx_word' id='word_1_216' title='bbox 766 3033 885 3097; x_wconf 86' lang='lat' dir='ltr'>munite</span> <span class='ocrx_word' id='word_1_217' title='bbox 895 3033 932 3096; x_wconf 88' lang='lat' dir='ltr'>ad</span> <span class='ocrx_word' id='word_1_218' title='bbox 944 3051 1047 3098; x_wconf 83' lang='lat' dir='ltr'>veram</span> <span class='ocrx_word' id='word_1_219' title='bbox 1059 3035 1213 3118; x_wconf 78' lang='lat' dir='ltr'>virtutem,</span> <span class='ocrx_word' id='word_1_220' title='bbox 1233 3054 1304 3116; x_wconf 77' lang='lat' dir='ltr'>quoe</span> <span class='ocrx_word' id='word_1_221' title='bbox 1315 3061 1382 3109; x_wconf 75' lang='lat' dir='ltr'>non</span> 
     </span>
     <span class='ocr_line' id='line_1_29' title="bbox 394 3115 1382 3213; baseline -0.006 -19"><span class='ocrx_word' id='word_1_222' title='bbox 394 3128 481 3194; x_wconf 69' lang='lat' dir='ltr'>⁴alibi</span> <span class='ocrx_word' id='word_1_223' title='bbox 496 3119 608 3191; x_wconf 72' lang='lat' dir='ltr'>reditis</span> <span class='ocrx_word' id='word_1_224' title='bbox 624 3118 702 3184; x_wconf 79' lang='lat' dir='ltr'>veria</span> <span class='ocrx_word' id='word_1_225' title='bbox 724 3115 884 3181; x_wconf 85' lang='lat' dir='ltr'>coloribus</span> <span class='ocrx_word' id='word_1_226' title='bbox 901 3116 1080 3200; x_wconf 79' lang='lat' dir='ltr'>depingitur,</span> <span class='ocrx_word' id='word_1_227' title='bbox 1099 3119 1192 3199; x_wconf 76' lang='lat' dir='ltr'>quim</span> <span class='ocrx_word' id='word_1_228' title='bbox 1212 3119 1242 3182; x_wconf 93' lang='lat' dir='ltr'>in</span> <span class='ocrx_word' id='word_1_229' title='bbox 1260 3122 1308 3186; x_wconf 80' lang='lat' dir='ltr'>hie</span> <span class='ocrx_word' id='word_1_230' title='bbox 1326 3126 1382 3213; x_wconf 77' lang='lat' dir='ltr'>luy·</span> 
     </span>
     <span class='ocr_line' id='line_1_30' title="bbox 408 3200 1318 3288; baseline -0.01 -8"><span class='ocrx_word' id='word_1_231' title='bbox 408 3212 500 3280; x_wconf 85' lang='lat' dir='ltr'>mnis.</span> <span class='ocrx_word' id='word_1_232' title='bbox 542 3208 624 3288; x_wconf 84' lang='lat' dir='ltr'>llos,</span> <span class='ocrx_word' id='word_1_233' title='bbox 644 3201 764 3285; x_wconf 81' lang='lat' dir='ltr'>stirpis,</span> <span class='ocrx_word' id='word_1_234' title='bbox 784 3217 955 3281; x_wconf 86' lang='lat' dir='ltr'>numquam</span> <span class='ocrx_word' id='word_1_235' title='bbox 967 3200 1006 3263; x_wconf 86' lang='lat' dir='ltr'>de</span> <span class='ocrx_word' id='word_1_236' title='bbox 1017 3201 1156 3266; x_wconf 86' lang='lat' dir='ltr'>manibus</span> <span class='ocrx_word' id='word_1_237' title='bbox 1169 3203 1318 3284; x_wconf 78' lang='lat' dir='ltr'>depones.</span> 
     </span>
    </p>
   </div>
   <div class='ocr_carea' id='block_1_5' title="bbox 409 3551 1382 3659">
    <p class='ocr_par' dir='ltr' id='par_1_5' title="bbox 409 3551 1382 3659">
     <span class='ocr_line' id='line_1_31' title="bbox 409 3551 1382 3659; baseline 0.011 -15"><span class='ocrx_word' id='word_1_238' title='bbox 409 3557 808 3649; x_wconf 78' lang='lat' dir='ltr'>Ancnrnuuno</span> <span class='ocrx_word' id='word_1_239' title='bbox 845 3553 1187 3649; x_wconf 79' lang='lat' dir='ltr'>P1rcnnu10</span> <span class='ocrx_word' id='word_1_240' title='bbox 1233 3551 1382 3659; x_wconf 87' lang='lat' dir='ltr'>Scoto</span> 
     </span>
    </p>
   </div>
   <div class='ocr_carea' id='block_1_6' title="bbox 608 3752 1186 3842">
    <p class='ocr_par' dir='ltr' id='par_1_6' title="bbox 608 3752 1186 3842">
     <span class='ocr_line' id='line_1_32' title="bbox 608 3752 1186 3842; baseline 0.012 -7"><span class='ocrx_word' id='word_1_241' title='bbox 608 3752 777 3835; x_wconf 76' lang='lat' dir='ltr'>Thomas</span> <span class='ocrx_word' id='word_1_242' title='bbox 807 3757 1117 3841; x_wconf 81' lang='lat' dir='ltr'>Ruddr‘manrrrrr</span> <span class='ocrx_word' id='word_1_243' title='bbox 1146 3765 1186 3842; x_wconf 89' lang='lat' dir='ltr'>S.</span> 
     </span>
    </p>
   </div>
   <div class='ocr_carea' id='block_1_7' title="bbox 413 3940 1385 4357">
    <p class='ocr_par' dir='ltr' id='par_1_7' title="bbox 413 3940 1385 4357">
     <span class='ocr_line' id='line_1_33' title="bbox 413 3940 1221 4037; baseline 0.012 -30"><span class='ocrx_word' id='word_1_244' title='bbox 413 3955 416 3966; x_wconf 92' lang='grc'><em>·</em></span> <span class='ocrx_word' id='word_1_245' title='bbox 475 3941 597 4022; x_wconf 87' lang='lat' dir='ltr'>ltcami,</span> <span class='ocrx_word' id='word_1_246' title='bbox 617 3940 741 4023; x_wconf 87' lang='lat' dir='ltr'>placido</span> <span class='ocrx_word' id='word_1_247' title='bbox 758 3959 851 4019; x_wconf 79' lang='lat' dir='ltr'>quem</span> <span class='ocrx_word' id='word_1_248' title='bbox 870 3945 986 4010; x_wconf 89' lang='lat' dir='ltr'>lumine</span> <span class='ocrx_word' id='word_1_249' title='bbox 1001 3948 1076 4012; x_wconf 85' lang='lat' dir='ltr'>vidit</span> <span class='ocrx_word' id='word_1_250' title='bbox 1092 3948 1221 4037; x_wconf 86' lang='lat' dir='ltr'>Apollo,</span> 
     </span>
     <span class='ocr_line' id='line_1_34' title="bbox 516 4023 1196 4116; baseline 0.024 -29"><span class='ocrx_word' id='word_1_251' title='bbox 516 4027 638 4105; x_wconf 77' lang='lat' dir='ltr'>(mique</span> <span class='ocrx_word' id='word_1_252' title='bbox 655 4023 736 4089; x_wconf 85' lang='lat' dir='ltr'>dedit</span> <span class='ocrx_word' id='word_1_253' title='bbox 753 4026 841 4107; x_wconf 73' lang='lat' dir='ltr'>ple-nl</span> <span class='ocrx_word' id='word_1_254' title='bbox 855 4044 980 4093; x_wconf 72' lang='lat' dir='ltr'>munera</span> <span class='ocrx_word' id='word_1_255' title='bbox 995 4032 1071 4096; x_wconf 89' lang='lat' dir='ltr'>trina</span> <span class='ocrx_word' id='word_1_256' title='bbox 1088 4049 1196 4116; x_wconf 79' lang='lat' dir='ltr'>ruauu3</span> 
     </span>
     <span class='ocr_line' id='line_1_35' title="bbox 413 4104 1105 4198; baseline -0.007 -17"><span class='ocrx_word' id='word_1_257' title='bbox 413 4110 526 4181; x_wconf 83' lang='lat' dir='ltr'>Her&#39;ois</span> <span class='ocrx_word' id='word_1_258' title='bbox 545 4104 642 4175; x_wconf 65' lang='lat' dir='ltr'>Siculi</span> <span class='ocrx_word' id='word_1_259' title='bbox 659 4106 788 4189; x_wconf 85' lang='lat' dir='ltr'>radium,</span> <span class='ocrx_word' id='word_1_260' title='bbox 809 4108 1012 4177; x_wconf 79' lang='lat' dir='ltr'>medicamina</span> <span class='ocrx_word' id='word_1_261' title='bbox 1033 4112 1105 4198; x_wconf 85' lang='lat' dir='ltr'>Coi,</span> 
     </span>
     <span class='ocr_line' id='line_1_36' title="bbox 453 4192 1385 4357; baseline 0.006 -93"><span class='ocrx_word' id='word_1_262' title='bbox 453 4196 558 4279; x_wconf 80' lang='lat' dir='ltr'>Atque</span> <span class='ocrx_word' id='word_1_263' title='bbox 576 4192 736 4261; x_wconf 78' lang='lat' dir='ltr'>Venusina</span> <span class='ocrx_word' id='word_1_264' title='bbox 751 4193 856 4259; x_wconf 85' lang='lat' dir='ltr'>dulcia</span> <span class='ocrx_word' id='word_1_265' title='bbox 869 4198 984 4279; x_wconf 80' lang='lat' dir='ltr'>plectra</span> <span class='ocrx_word' id='word_1_266' title='bbox 1000 4201 1088 4283; x_wconf 81' lang='lat' dir='ltr'>lyra:</span> <span class='ocrx_word' id='word_1_267' title='bbox 1369 4282 1385 4357; x_wconf 52' lang='grc' dir='ltr'>ἑ</span> 
     </span>
    </p>
   </div>
   <div class='ocr_carea' id='block_1_8' title="bbox 1394 589 1418 755">
    <p class='ocr_par' dir='ltr' id='par_1_8' title="bbox 1394 589 1418 755">
     <span class='ocr_line' id='line_1_37' title="bbox 1394 589 1418 755; baseline 0 0"><span class='ocrx_word' id='word_1_268' title='bbox 1394 589 1418 755; x_wconf 80' lang='lat' dir='ltr'>&#39;l</span> 
     </span>
    </p>
   </div>
   <div class='ocr_carea' id='block_1_9' title="bbox 0 0 1642 5534">
    <p class='ocr_par' dir='ltr' id='par_1_9' title="bbox 0 0 1642 5534">
     <span class='ocr_line' id='line_1_38' title="bbox 0 0 1642 5534; baseline 0 0"><span class='ocrx_word' id='word_1_269' title='bbox 0 0 1642 5534; x_wconf 95' lang='lat' dir='ltr'> </span> 
     </span>
    </p>
   </div>
  </div>
 </body>
</html>
