3192 5534
311 796 378 875 mi
587 784 715 862 naara
728 714 996 864 Wrmnbarnur
1051 816 1054 825 ·

315 949 401 1021 Vina
417 958 532 1024 nocent
550 942 668 1013 ‘uvenir
688 963 792 1013 morea
811 945 928 1016 urina
944 945 1077 1020 enom

360 1034 401 1100 Se
418 1032 517 1098 reficit
532 967 635 1094 sumo
653 1029 734 1098 sicca
751 1029 872 1103 senem
888 1050 987 1100 mero.
1140 1092 1145 1109 ,

318 1114 352 1187 si
370 1118 419 1182 vel
437 1130 528 1198 perca
545 1128 657 1180 manue
667 1113 790 1212 juveni,
809 1119 861 1181 vei
878 1116 985 1182 terrica
999 1113 1087 1185 frona
1103 1117 1165 1211 eiiq

361 1198 484 1286 Lingua
499 1197 550 1264 vei
567 1196 703 1281 effrenis,
722 1216 817 1264 nemo
832 1197 942 1265 decere
962 1215 1062 1284 purat:

319 1279 429 1431 'suffe
446 1279 507 1347 seni
526 1299 589 1346 non
606 1280 648 1346 est
665 1284 791 1349 lucrum
808 1297 942 1432 σεξυτι,
961 1303 1018 1354 nec
1035 1282 1081 1352 uri

404 1364 508 1432 oribus
523 1364 658 1449 austerii,
679 1384 736 1431 nec
757 1367 818 1432 fine
859 1386 896 1432 ne
914 1367 1012 1451 loqui.

318 1441 353 1518 si
371 1449 446 1531 quid
466 1450 498 1515 in
514 1448 560 1513 his
577 1450 676 1533 culpe
691 1449 746 1535 est,
765 1448 883 1516 crimen
899 1448 1078 1520 transfertur
1092 1448 1126 1521 in
1141 1459 1259 1538 aomar

361 1531 413 1617 Er,
432 1533 501 1599 sene
518 1532 655 1618 laudaro,
674 1532 742 1600 sola
756 1531 878 1600 senemr
893 1553 946 1599 rea
962 1536 1014 1602 eii.

318 1617 379 1685 Hir
397 1637 413 1680 ι·
434 1635 522 1681 ome
538 1615 622 1682 solor
653 1622 768 1699 capulo
785 1618 918 1701 vicinus,
937 1632 972 1684 ut
986 1632 1052 1686 arte

361 1637 534 1783 sitiemus,
553 1667 638 1780 quoii
656 1698 720 1766 sorr
736 1697 816 1766 serre
833 1701 947 1788 co'e'gie,
973 1722 1065 1769 onor.

319 1783 434 1870 Apriia
451 1781 616 1866 arnosto,
636 1798 668 1849 ru
686 1781 925 1852 Wedderburue
958 1785 1086 1853 senecio

361 1864 520 1952 Consulis,
541 1867 571 1933 ἀ
598 1886 666 1948 que
681 1865 740 1934 sert
755 1867 833 1935 dura
847 1833 981 1955 semin·
998 1870 1102 1937 malin

319 1947 412 2020 Dum
428 1951 501 2014 mihi
517 1965 547 2016 re
564 1917 641 2034 sisto,
661 1951 750 2036 dum,
766 1971 846 2034 quos
865 1954 953 2018 simui
966 1952 1085 2042 egimus
1101 1973 1217 2051 annon

360 2034 472 2102 Mente
487 2048 574 2118 puro,
593 2048 708 2119 mutor,
728 2054 787 2100 nec
803 2035 879 2099 mihi
896 2036 964 2103 sum
1009 2036 1071 2103 uod
1087 2058 1187 2109 eram.

319 2116 439 2187 AEsona
454 2117 643 2186 carminibus
659 2119 789 2185 muravit
804 2116 982 2188 Corcura&
1019 2120 1116 2204 erbir;

319 2203 596 2351 Ciliiffluvenem
616 2205 752 2268 tremulo
768 2201 811 2267 de
825 2201 895 2269 sene
914 2200 990 2270 fecit
1004 2225 1075 2301 ope.

351 2305 434 2450 ορςιιίι
442 2366 518 2447 pede
535 2370 638 2432 veloci
655 2367 835 2454 praeteriere·
853 2369 929 2437 dier.

320 2432 482 2531 Tempora
496 2446 573 2518 dum
590 2455 700 2541 recolo
719 2467 826 2515 tecum
843 2455 931 2520 fimui
951 2450 1019 2522 aeia
1033 2454 1185 2542 juvente(

362 2530 422 2598 Me
438 2527 512 2593 mihi
529 2527 697 2611 rennuens,-
716 2530 778 2610 ipsa
792 2535 919 2610 juvenen
937 2537 1025 2599 redit.

321 2614 477 2687 Colchida
494 2626 528 2677 ru
544 2610 662 2681 vinciar
683 2615 779 2699 longo
795 2612 958 2679 molimine
975 2614 1107 2683 Colchia

363 2696 461 2788 Quod
477 2693 572 2763 semel
588 2695 661 2763 ausa
675 2693 746 2782 suit,
765 2710 800 2762 ru
815 2694 891 2762 mihi
906 2694 984 2782 sepe
997 2696 1088 2764 facir.

459 2288 483 2349 ie
499 2287 530 2351 in
546 2303 679 2370 morem,
698 2286 791 2354 vereri
808 2300 842 2353 ru
857 2284 960 2355 reddin
975 2304 1092 2374 amrcor

385 2889 683 2984 Aucruno
719 2887 1025 3009 Jousrouo
1062 2886 1134 2982 M.
1164 2892 1246 2988 Dr

426 3077 656 3192 Respondet
671 3077 831 3164 David
844 3072 1194 3169 Wedde'rbu'r'ne'es.

404 3268 450 3336 As
468 3290 527 3356 ego
542 3289 638 3334 cerno
655 3267 751 3353 niver,
772 3288 878 3354 cerno,
894 3258 1054 3355 Jonstone,v
1072 3263 1252 3357 querorque·

320 3282 401 3433 H
443 3352 483 3420 Er
498 3353 589 3434 rivin
602 3354 676 3417 heu!
694 3353 830 3418 lacrimo
845 3371 932 3417 more
949 3354 1093 3435 liquentia
1108 3370 1201 3426 cunta

320 3439 472 3524 Dumq'uc
490 3433 571 3503 retro
587 3431 691 3520 specio
707 3435 844 3501 melioris
859 3450 996 3518 tempora
1011 3438 1091 3522 vite,

364 3525 505 3609 Quaeque
521 3514 622 3587 ferunt
639 3520 710 3586 anni
727 3518 837 3617 gaudia
855 3518 953 3604 prima
968 3519 1070 3603 rudes,

322 3601 463 3687 Dorcio,
484 3604 680 3687 querensque
696 3618 756 3669 rure
773 3601 922 3669 solamina
938 3601 1020 3668 curie

364 3687 524 3770 implicor,
544 3704 583 3750 an
601 3684 1084 3769 sileamnescius‚‹ann'e10quar.
1128 3751 1131 3758 ,

321 3772 411 3840 Heu!
430 3766 493 3848 ubi,
512 3785 580 3847 que
596 3768 683 3832 nobis
696 3768 855 3848 quondam
866 3768 1041 3844 florentibus
1058 3770 1163 3855 annia‚·

363 3852 458 3919 Otia?
478 3849 556 3914 veris
574 3848 624 3914 ubi
643 3848 783 3914 blandior
799 3868 872 3914 aura
889 3852 980 3917 novi?

321 3929 436 4007 Vivida
452 3952 534 4011 nunc
555 3931 605 3997 ubi
621 3931 667 3997 vir
683 3931 797 3998 animi?
819 3951 912 4015 quam
926 3936 1018 4001 serior
1036 3938 1106 4001 retas

365 4019 477 4102 Usque
494 4012 546 4081 tibi
564 4036 594 4079 rc
616 4028 690 4097 arar,
709 4014 817 4080 deterit
834 4009 928 4113 usque
944 4017 1029 4083 mihi.

319 4103 381 4178 Sed
400 4120 498 4183 neque
514 4035 615 4163 caurip

362 4186 485 4271 Sisyphe
496 4198 538 4267 re,
556 4178 774 4266 Tityumque
792 4184 910 4249 laniena
928 4184 1054 4268 premit:

319 4275 399 4360 Qun
417 4283 495 4349 rota,
515 4266 567 4350 qui
585 4268 721 4355 lacerant
737 4285 849 4353 angues
867 4266 972 4334 Ixiona
990 4267 1072 4351 torri,

357 4350 542 4444 Progeniem
558 4345 662 4422 Danai
680 4368 748 4437 que
763 4364 870 4423 mance
885 4369 961 4420 urna
975 4347 1098 4420 seram:

599 4095 725 4182 afugit;
747 4115 821 4162 nam
859 4119 888 4164 ur
905 4100 1073 4167 miserande
1090 4101 1217 4173 laberer

1221 4416 1267 4503 'ia
