3192 5534
445 741 587 819 Ariiari
603 743 762 849 Jonssom·
791 742 884 817 Vita.
1094 754 1210 829 xum

230 887 356 956 summi
372 886 513 972 dignitate
525 894 617 966 atque
633 882 772 949 dodininl
783 883 949 949 illustribus
961 884 1033 951 viris
1054 886 1114 967 (uti
1130 889 1207 958 edm

235 993 275 1039 ex
287 975 375 1055 iplius
389 987 457 1035 tum
471 970 606 1034 aliorum
618 969 735 1051 scriptis
748 970 847 1050 paret)
866 968 897 1031 in
916 968 1036 1035 deliciis
1057 971 1117 1037 effe
1132 993 1211 1039 con·

222 1057 319 1141 ¹tigit:
336 1048 584 1120 Christianiffrmo
595 1052 715 1116 scilicet
725 1052 901 1118 Galliarum
918 1049 1009 1137 Regi,
1033 1057 1126 1138 cujus
1148 1058 1211 1155 pri·

235 1137 336 1222 marii,
354 1140 407 1203 seu
417 1137 556 1218 laureati,
567 1151 601 1201 ut
610 1150 736 1216 vocant,
752 1133 856 1199 Poe‘tae
873 1136 1010 1219 titulum,
1025 1139 1123 1205 nomo
1133 1142 1209 1209 licet

233 1238 365 1306 exterus,
389 1220 517 1300 meruit;
550 1219 758 1303 potentiffimis
779 1220 873 1284 etiarn
896 1217 1022 1317 Magna
1043 1223 1208 1291 Britannias

234 1307 384 1391 Regibus,
404 1306 561 1388 dquibus,
581 1303 661 1368 haud
684 1303 745 1367 levi
766 1301 849 1367 certi:
876 1320 990 1368 amoris
1016 1320 1108 1387 atque
1131 1308 1208 1373 anl-

234 1391 379 1456 mationis
416 1390 532 1473 ignore,
552 1389 628 1453 inter
644 1387 783 1451 medicos
800 1385 860 1451 fuit
875 1386 1058 1455 domesticos
1074 1394 1207 1473 relatut3

237 1473 368 1557 Iacobo,
386 1410 437 1552 f&
452 1473 503 1554 ipsr
514 1469 780 1555 iuligniterdodio,
802 1486 905 1552 utpote
921 1472 1024 1557 magui
1046 1471 1208 1543 Buchanr·

236 1558 269 1623 ui
286 1560 428 1638 alumno,
449 1574 486 1618 ac
508 1554 610 1621 Po'e'ra
625 1556 731 1637 eriam,
752 1554 1010 1637 Psalmorumque
1034 1554 1208 1627 Dauidica·

237 1658 310 1706 rum
325 1639 507 1726 Anglicauis
522 1641 657 1705 vetlibus
672 1639 839 1722 interpreti)
853 1638 951 1705 Carol
997 1660 1034 1706 ue
1057 1644 1142 1710 lilio:
1163 1656 1209 1709 at·

240 1743 303 1807 que
318 1725 368 1788 hic
396 1723 534 1805 quidem,
553 1722 701 1807 pendente
717 1738 827 1787 eoram
845 1723 958 1789 Senatu
1030 1727 1207 1794 echliuienfi

242 1806 381 1888 quadam
406 1807 532 1872 maximi
552 1808 702 1873 momenti
718 1807 772 1871 lite
803 1825 859 1889 pro
880 1806 1030 1886 Joustono
1045 1811 1124 1892 apud
1142 1810 1209 1875 He·

190 1908 192 1913 ’
238 1856 1212 1974 speriamDemmtipseeantepidiffimevocatmvelvlarirm

190 1990 193 1997 ·
241 1974 430 2039 Borboniam
451 1973 559 2040 Caroli
576 1975 685 2058 filiam,
706 1972 914 2040 Maximiliani
934 1975 1085 2042 Austriaci
1108 1973 1213 2042 Ducit

190 2064 193 2101 ²
243 2059 422 2204 auu
447 2057 987 2207 liturnum-luunt
1010 2059 1216 2207 attunt:

190 2226 221 2267 ἶ·
242 2161 527 2307 ssggggrffigegggqgg
547 2161 692 2307 lgrincaigi
714 2161 902 2317 ffuggrggcrgs'
916 2162 1052 2286 eCumitie
1059 2221 1210 2309 Palatino,

190 2312 220 2353 2'
243 2307 377 2374 Bavariae
387 2307 487 2390 Daci,
508 2310 569 2373 dte.
589 2324 682 2387 atque
705 2309 846 2371 Hennco
863 2321 955 2367 enam
972 2301 1113 2390 Turrem,
1134 2304 1212 2373 Bul-

190 2396 206 2471 ἓ
244 2388 337 2456 loniae
348 2389 448 2473 Duci,
469 2391 672 2472 ejusdemque
688 2407 812 2479 genero,
823 2384 909 2450 Duci
922 2384 1104 2475 Trimollio‚
1126 2386 1212 2458 Len·

190 2481 207 2551 ἓ
243 2474 404 2555 noxioque
415 2473 535 2552 insuper
547 2469 644 2552 Duci,
655 2489 744 2552 cujus
755 2470 847 2534 etiam
856 2472 1211 2557 mortemdeflet,Geor·

242 2560 298 2644 gio
315 2575 442 2638 quoque
465 2555 639 2636 Gordonio,
656 2551 850 2617 Marchionis
861 2554 997 2619 Huntlaei
1015 2558 1093 2641 filio,
1107 2556 1208 2639 (unde

201 2678 219 2687 ··
244 2640 385 2723 exquisiti
402 2638 501 2720 operis
517 2640 668 2702 annulum
680 2655 754 2700 cum
764 2654 889 2719 gemma
904 2637 997 2702 divite
1013 2659 1090 2703 auro
1106 2642 1209 2705 inclu-

190 2731 210 2804 Ξ,
246 2725 290 2806 sa,
311 2721 452 2788 amicitie
471 2740 536 2786 uon
556 2720 689 2804 vulgaris
706 2719 786 2783 haud
809 2720 977 2783 obscurum
992 2722 1210 2809 testimonium,

244 2807 332 2872 dono
342 2807 516 2887 acceperat)
539 2802 657 2867 Comiti
667 2821 793 2883 quoque
805 2802 987 2886 Hollaudio,
1004 2805 1095 2889 cujus
1110 2807 1211 2895 lingu-

246 2895 346 2955 larem
367 2889 398 2953 in
415 2890 550 2953 literatos
571 2887 816 2952 munificentiam
837 2886 966 2951 summis
977 2887 1141 2968 Jonllonus
1157 2914 1213 2960 en·

201 3006 208 3017 ·
234 2974 360 3046 ,eomiis
375 2974 520 3054 celebrat,
538 2989 617 3051 quos
639 2988 747 3035 omnes
767 2972 898 3054 eleganti
913 2973 1050 3037 carnline
1066 2976 1117 3039 fibi
1132 2991 1212 3041 tam·

190 3059 204 3135 ‚²
248 3074 347 3139 quam
362 3071 453 3121 notos
467 3070 559 3134 atque
574 3052 740 3117 familiares
752 3057 939 3134 compellat3
954 3056 1061 3118 illullri
1073 3071 1214 3139 praterea

190 3138 213 3184 Γ
249 3139 372 3206 Comiti
398 3139 437 3201 de
464 3137 650 3217 Pembrolre,
674 3137 713 3198 ad
727 3154 822 3215 quem
836 3137 930 3198 exsut
945 3156 1071 3217 quoque
1086 3136 1213 3207 culriffi·

190 3226 196 3265 '⁸
250 3240 347 3287 mum
365 3219 502 3298 Jonlloni
520 3237 656 3299 carmen,
677 3218 828 3300 cujusque
843 3219 963 3283 obitum
979 3221 1084 3303 paucis
1100 3223 1216 3290 suavis·

250 3301 398 3384 fimisque
424 3302 555 3365 verslbus
577 3300 678 3383 deflet,
697 3299 883 3366 nobiliffimo
909 3321 1033 3385 quoque
1060 3306 1216 3374 Moraviaa

190 3402 206 3429 -“
251 3386 389 3468 Comiti,
402 3384 492 3467 cujus
502 3385 607 3450 itidem
622 3400 754 3450 mortem
764 3384 981 3468 elegantiffiml
992 3389 1127 3471 elegild
1166 3395 1214 3456 lo-

190 3486 193 3499 ·
248 3472 331 3539 ravit
340 3475 389 3535 vel
401 3468 558 3533 decoravit
567 3467 942 3546 veritis3sed&univerfis
952 3468 1135 3537 fereScotiae
1178 3495 1213 3540 o·

190 3574 192 3579 ’
249 3556 379 3636 bilibus,
397 3551 632 3629 venerandoque
646 3552 778 3630 denique
796 3550 1020 3630 Episcoporum
1040 3555 1119 3638 apud
1136 3555 1216 3626 Sco.

251 3657 301 3707 tos
310 3635 563 3718 ordini‚quorum
572 3634 726 3714 omnium,
733 3632 775 3696 uti
787 3627 968 3699 Nobilitaris
980 3636 1111 3704 Scoticae
1126 3661 1217 3708 com·

254 3722 403 3808 plurium,
420 3718 542 3782 meritas
553 3717 670 3799 laudes,
690 3718 811 3804 nugulis
833 3716 977 3802 distichis,
991 3719 1120 3788 suaviter
1134 3724 1217 3794 haud

255 3809 362 3870 minus
381 3802 476 3884 quim
499 3800 668 3866 honorifice
690 3802 865 3883 prosecutus
887 3802 939 3883 est,
964 3825 1118 3888 pergratus
1151 3831 1220 3892 per.

255 3910 318 3971 que
338 3903 483 3968 acceptus
515 3884 651 3949 exstitisse
685 3887 814 3950 videtur.
859 3884 962 3966 Atque
989 3887 1040 3952 hic
1068 3891 1145 3956 alios
1173 3896 1219 3959 vi·

252 3993 306 4039 roa
328 3969 533 4036 Ecclefiastici
557 3970 631 4034 item
653 3970 766 4033 ordinis
786 3968 866 4033 haud
890 3990 1017 4055 paucos,
1043 3993 1117 4038 cum
1149 3979 1219 4056 qui·

256 4058 317 4120 bus
344 4053 506 4133 Jonstonus
528 4051 606 4131 (non
627 4054 759 4119 obscuro
774 4052 920 4117 dodlrinoe
935 4072 1026 4136 atque
1053 4058 1170 4137 pietatis
1185 4083 1218 4126 e·

260 4142 311 4201 'us
333 4137 459 4220 indicio,
479 4137 560 4213 quod
584 4136 847 4223 &elegantiisrma
869 4138 955 4201 limul
977 4137 1221 4223 sandllssimaque

255 4163 456 4286 isalmorum
467 4217 693 4284 Dauidicurum
715 4220 898 4303 Paraphralis
909 4224 1030 4301 poetica
1041 4227 1221 4290 luculentis·

192 4312 202 4319 '
257 4301 338 4373 nme
361 4321 483 4386 quoque
493 4304 629 4386 testatur)
651 4301 883 4372 familiariffimi
902 4305 988 4390 vixit,
1009 4308 1145 4391 quosque
1167 4329 1225 4402 pru

323 4434 326 4439 -
1136 4406 1229 4453 merr-
