3192 5534
398 794 451 892 ri
643 785 1193 897 DEDICATIO.

398 979 564 1076 Scotos
599 976 775 1072 Latino
808 983 1013 1076 carmine
1037 978 1241 1105 donatis,
1267 992 1374 1084 ani-

398 1150 532 1214 mum
555 1114 733 1236 Tuum,
782 1111 1051 1250 gravissimis
1087 1125 1232 1217 totius
1271 1120 1374 1225 fere

398 1258 561 1385 Regni
602 1258 818 1390 negotiis,
856 1289 910 1351 ac
936 1250 1108 1354 forenfi
1135 1267 1382 1398 praecipue,

323 1392 326 1404 '
396 1382 605 1525 strepitu,
643 1387 917 1514 districium,
943 1392 1017 1491 vel
1053 1392 1254 1494 relaxare
1291 1401 1372 1500 vel

397 1522 649 1653 oblectare,
686 1528 817 1629 horis
858 1527 1117 1654 subsecivis,
1165 1545 1370 1670 poteris,

393 1693 447 1762 nt
482 1666 687 1804 aliquam
723 1665 887 1768 saltem
920 1707 975 1767 ex
1010 1667 1106 1804 ipsa
1145 1680 1370 1779 varietate

392 1803 683 1941 voluptatem
720 1814 959 1946 percipere
984 1843 1119 1945 queas
1146 1849 1156 1908 :
1198 1848 1254 1911 ac
1278 1851 1369 1912 vo-

390 1939 623 2078 luptatem
672 1981 768 2044 non
808 1945 1096 2045 mediocrem
1121 1948 1229 2048 inde
1254 1949 1369 2053 licet

388 2086 564 2217 capias,
581 2120 676 2222 quo
691 2121 735 2185 es
758 2091 938 2221 ingenii
963 2092 1193 2208 acumine,
1209 2098 1369 2188 omni-

330 2254 334 2267 ·
391 2253 495 2354 que
540 2224 773 2351 politioris
825 2223 1069 2324 literatura
1114 2223 1171 2320 ad
1216 2226 1366 2362 pulcri

390 2360 625 2488 poematis
638 2361 848 2454 Veneres
874 2361 1202 2496 intelligendas
1217 2400 1364 2498 gene-

390 2525 442 2589 re
488 2484 731 2588 instruuus
748 2539 762 2609 3
814 2488 960 2622 longe
998 2525 1156 2590 tamen
1194 2509 1366 2631 majori

388 2629 571 2752 frueris,
609 2661 765 2728 earum
800 2631 1043 2746 virtutum,
1091 2663 1191 2764 quae
1215 2638 1266 2727 in
1291 2634 1369 2736 his

387 2763 675 2868 carminibus
693 2758 826 2866 tanti
850 2759 1084 2900 elegantii
1097 2762 1368 2869 describun-

248 3030 250 3035 .
388 2931 483 3029 tur,
506 2899 639 3004 tanti
661 2908 937 3004 auctoritate
954 2910 1240 3030 muniuntur,
1256 2939 1365 3008 tan-

390 3051 450 3143 tis
498 3042 701 3180 denique
780 3047 946 3142 raemiis
980 3039 1238 3181 poenisque,
1278 3043 1364 3148 suo

391 3210 605 3322 tempore
638 3218 718 3318 per
739 3180 970 3305 olvendis,
986 3176 1269 3306 sanciuntur,
1284 3185 1364 3283 of-

389 3317 509 3424 ficiis
534 3318 794 3456 fungendo,
809 3319 1022 3453 beneque
1035 3318 1151 3417 adeo
1172 3319 1230 3419 de
1252 3330 1362 3420 uni-

389 3459 521 3564 verso
545 3456 642 3562 fere
664 3456 936 3564 mortalium
971 3492 1141 3591 genere
1177 3495 1365 3558 meren-

387 3595 455 3698 do
471 3651 485 3723 3
524 3597 635 3694 dum
662 3633 756 3717 eos,
787 3595 982 3733 quicum
1005 3594 1080 3698 vel
1116 3592 1363 3699 familiari-

389 3741 445 3836 fis
468 3736 543 3835 vel
580 3771 636 3832 ex
658 3729 813 3832 officio
849 3729 1053 3853 versaris,
1088 3732 1277 3869 placido
1301 3773 1365 3837 ae.

386 3873 657 4017 quabilique
701 3876 912 4006 ingenio,
961 3905 1240 4008 morumque
1275 3911 1364 3974 co.

387 4023 552 4116 mitate
588 4004 817 4149 quidam,
846 4003 963 4108 Tibi
989 4004 1086 4107 sere
1124 4006 1211 4108 soli
1245 4047 1363 4148 pro-

388 4151 492 4288 prii
529 4187 583 4257 ac
621 4143 862 4288 perpetui,
898 4147 1224 4285 maximopere
1240 4151 1364 4253 Tibi

386 4291 625 4414 devincis;
662 4283 874 4441 ipsosque
895 4294 1036 4391 etiam
1055 4283 1279 4417 infensos,
1318 4289 1362 4405 si

545 4464 551 4481 .
1270 4460 1357 4567 qu,
