3192 5534
428 792 978 925 DEDICA'TIO.
1152 800 1226 925 ¹vii

239 995 464 1142 quisunt,
489 997 683 1096 lenitate
706 1019 845 1130 atque
869 985 1223 1092 clementiani

240 1139 438 1240 emollis
464 1136 541 1235 vel
562 1164 828 1269 expugnas3
867 1134 918 1226 in
943 1127 1223 1269 persequen-

243 1276 404 1414 disque
442 1281 583 1372 etiam
615 1273 795 1406 judicio
833 1272 938 1405 reis,
978 1303 1078 1405 quae
1115 1304 1224 1407 pars

249 1424 317 1516 tui
342 1417 548 1512 muneris
594 1405 658 1508 est
692 1443 883 1547 magna,
925 1406 1058 1509 caedis
1083 1439 1223 1547 atque

241 1551 580 1691 suppliciorum
618 1548 735 1647 aded
774 1543 970 1684 cupidus
1009 1582 1105 1648 non
1152 1586 1221 1679 es,

246 1723 318 1816 ut,
358 1728 415 1789 ex
440 1695 697 1808 contrario,
724 1685 894 1786 callidd
920 1696 1052 1786 omni
1084 1689 1224 1788 mali-

193 1870 197 1874 ·
247 1825 462 1967 tiosdque
476 1833 593 1964 juris
610 1833 996 1962 interpretatione
1009 1818 1224 1927 facessere

245 1965 386 2101 jussi,
415 1974 669 2065 criminum
691 1973 830 2064 etiam
855 1962 1227 2102 gravissimorum

251 2099 1227 2242 postulatos,judicumcalculis'atque'sen-

252 2250 408 2342 tentiis
430 2298 434 2304 ·
455 2241 704 2363 absolutos,
754 2238 941 2337 liberari
997 2233 1223 2363 insontes,

251 2371 399 2515 qu'dm
413 2379 661 2478 damnatos
670 2372 811 2511 justas
825 2382 962 2473 etiam
976 2409 1137 2510 poenas
1149 2376 1225 2476 lu·

253 2553 331 2615 ere
344 2541 579 2637 nocentes,
597 2515 744 2649 longe
756 2508 871 2611 Tibi
892 2520 1065 2648 gratius
1089 2552 1227 2616 acce·

253 2650 467 2791 ptiusque
502 2650 685 2788 liquido
722 2643 941 2749 omnibus
979 2686 1037 2788 ap
1075 2683 1223 2755 areat:

254 2790 397 2891 debiti
410 2797 599 2890 interim
625 2784 795 2911 cultds,
804 2784 1006 2926 justique
1019 2687 1227 2931 odisequii

254 2926 464 3028 adversus
511 2925 846 3027 Sereniffimum
903 2936 1104 3065 Regem,
1166 2929 1226 3032 ab

288 3103 351 3164 uo
375 3062 700 3202 amplissimum
714 3065 1044 3164 demandatum
1056 3102 1227 3168 munus

254 3103 434 3302 pumma
459 3240 567 3300 cum
592 3203 844 3340 prudentiae
879 3230 1016 3338 atque
1036 3214 1226 3341 aequita-

258 3347 320 3438 tis
358 3339 491 3438 laude
511 3338 816 3465 administras,
853 3339 1147 3480 illaesdatque
1167 3342 1233 3478 11-Ι

256 3473 402 3575 libatd
425 3473 532 3601 fide,
556 3474 984 3578 observantissimus.

327 3624 537 3732 ATouu
567 3611 651 3714 hie
673 3615 880 3753 quidem,
905 3606 998 3719 Vir
1024 3616 1228 3723 celeber-

258 3759 394 3874 rime,
433 3749 484 3849 in
510 3756 641 3852 Tuas
666 3744 829 3852 laudes·
844 3753 1135 3890 digrediendi
1158 3760 1229 3862 la·

259 3885 444 3986 tiffimus
479 3885 568 3988 sese
594 3927 783 4028 campus
808 3901 955 4028 aperit
970 3945 984 4014 3
1023 3932 1133 4034 quas
1157 3927 1229 3997 ta-

260 4063 387 4148 men,
429 4034 537 4165 quia
574 4028 729 4164 pusilli
756 4021 1089 4131 homuncionis
1114 4072 1230 4171 prae-

198 4274 205 4283 ⁸
263 4162 497 4262 dicatione
529 4163 690 4290 deteri,
715 4172 967 4303 Tuumque
1000 4171 1231 4305 pudorem

261 4298 444 4435 uiolati
454 4301 623 4436 nolim,
648 4307 757 4436 levi,
786 4305 915 4443 quod
947 4314 1097 4442 ajunt,
1124 4309 1234 4412 bra-

1100 4443 1211 4514 elain
