<?xml version="1.0" encoding="UTF-8"?>
<!DOCTYPE html PUBLIC "-//W3C//DTD XHTML 1.0 Transitional//EN"
    "http://www.w3.org/TR/xhtml1/DTD/xhtml1-transitional.dtd">
<html xmlns="http://www.w3.org/1999/xhtml" xml:lang="en" lang="en">
 <head>
  <title>
</title>
<meta http-equiv="Content-Type" content="text/html;charset=utf-8" />
  <meta name='ocr-system' content='tesseract 3.04.00' />
  <meta name='ocr-capabilities' content='ocr_page ocr_carea ocr_par ocr_line ocrx_word'/>
</head>
<body>
  <div class='ocr_page' id='page_1' title='image "./poetarumscotoru01adamgoog_0234.png"; bbox 0 0 3192 5534; ppageno 0'>
   <div class='ocr_carea' id='block_1_1' title="bbox 288 721 1141 837">
    <p class='ocr_par' dir='ltr' id='par_1_1' title="bbox 288 721 1141 837">
     <span class='ocr_line' id='line_1_1' title="bbox 288 721 1141 837; baseline -0.004 -16"><span class='ocrx_word' id='word_1_1' title='bbox 288 748 379 837; x_wconf 64' lang='lat' dir='ltr'><strong>rue</strong></span> <span class='ocrx_word' id='word_1_2' title='bbox 443 739 521 819; x_wconf 79' lang='lat' dir='ltr'><strong>es</strong></span> <span class='ocrx_word' id='word_1_3' title='bbox 548 736 583 818; x_wconf 77' lang='lat' dir='ltr'><strong>u</strong></span> <span class='ocrx_word' id='word_1_4' title='bbox 610 740 656 815; x_wconf 78' lang='lat' dir='ltr'><strong>t.</strong></span> <span class='ocrx_word' id='word_1_5' title='bbox 683 721 934 834; x_wconf 64' lang='lat' dir='ltr'><strong>&#39;oxuvnu</strong></span> <span class='ocrx_word' id='word_1_6' title='bbox 957 735 1141 821; x_wconf 72' lang='lat' dir='ltr'><strong>exerit.</strong></span> 
     </span>
    </p>
   </div>
   <div class='ocr_carea' id='block_1_2' title="bbox 590 967 1006 1041">
    <p class='ocr_par' dir='ltr' id='par_1_2' title="bbox 590 967 1006 1041">
     <span class='ocr_line' id='line_1_2' title="bbox 590 967 1006 1041; baseline 0.007 -5"><span class='ocrx_word' id='word_1_7' title='bbox 590 967 772 1038; x_wconf 83' lang='lat' dir='ltr'><strong>PSAL·</strong></span> <span class='ocrx_word' id='word_1_8' title='bbox 818 971 1006 1041; x_wconf 82' lang='lat' dir='ltr'><strong>CXLVlll.</strong></span> 
     </span>
    </p>
   </div>
   <div class='ocr_carea' id='block_1_3' title="bbox 205 1115 1300 3626">
    <p class='ocr_par' dir='ltr' id='par_1_3' title="bbox 205 1115 1300 3626">
     <span class='ocr_line' id='line_1_3' title="bbox 423 1115 1178 1208; baseline 0.003 -18"><span class='ocrx_word' id='word_1_9' title='bbox 423 1122 459 1206; x_wconf 86' lang='lat' dir='ltr'><strong>Ja</strong></span> <span class='ocrx_word' id='word_1_10' title='bbox 475 1118 582 1186; x_wconf 85' lang='lat' dir='ltr'><strong>Deum</strong></span> <span class='ocrx_word' id='word_1_11' title='bbox 599 1122 738 1198; x_wconf 73' lang='lat' dir='ltr'><strong>celebrat</strong></span> <span class='ocrx_word' id='word_1_12' title='bbox 759 1115 891 1185; x_wconf 80' lang='lat' dir='ltr'>Domini</span> <span class='ocrx_word' id='word_1_13' title='bbox 908 1121 947 1185; x_wconf 91' lang='lat' dir='ltr'><strong>de</strong></span> <span class='ocrx_word' id='word_1_14' title='bbox 963 1122 1033 1187; x_wconf 89' lang='lat' dir='ltr'><strong>sede</strong></span> <span class='ocrx_word' id='word_1_15' title='bbox 1049 1123 1178 1208; x_wconf 69' lang='lat' dir='ltr'><strong>superne</strong></span> 
     </span>
     <span class='ocr_line' id='line_1_4' title="bbox 361 1133 1182 1290; baseline 0.005 -20"><span class='ocrx_word' id='word_1_16' title='bbox 361 1133 420 1284; x_wconf 82' lang='lat' dir='ltr'><strong>E</strong></span> <span class='ocrx_word' id='word_1_17' title='bbox 462 1204 557 1270; x_wconf 71' lang='lat' dir='ltr'><strong>l&#39;adla</strong></span> <span class='ocrx_word' id='word_1_18' title='bbox 572 1203 663 1287; x_wconf 86' lang='lat' dir='ltr'><strong>teser,</strong></span> <span class='ocrx_word' id='word_1_19' title='bbox 683 1205 758 1269; x_wconf 78' lang='lat' dir='ltr'><strong>eoeli</strong></span> <span class='ocrx_word' id='word_1_20' title='bbox 777 1206 829 1284; x_wconf 91' lang='lat' dir='ltr'><strong>qui</strong></span> <span class='ocrx_word' id='word_1_21' title='bbox 845 1205 920 1290; x_wconf 81' lang='lat' dir='ltr'><strong>juga</strong></span> <span class='ocrx_word' id='word_1_22' title='bbox 937 1206 1058 1271; x_wconf 80' lang='lat' dir='ltr'><strong>summa</strong></span> <span class='ocrx_word' id='word_1_23' title='bbox 1075 1221 1182 1275; x_wconf 83' lang='lat' dir='ltr'><strong>tenes.&#39;</strong></span> 
     </span>
     <span class='ocr_line' id='line_1_5' title="bbox 291 1285 1259 1378; baseline 0.002 -22"><span class='ocrx_word' id='word_1_24' title='bbox 291 1337 294 1346; x_wconf 80' lang='lat'>·</span> <span class='ocrx_word' id='word_1_25' title='bbox 321 1312 340 1360; x_wconf 87' lang='lat'><em>2</em></span> <span class='ocrx_word' id='word_1_26' title='bbox 361 1294 418 1377; x_wconf 80' lang='lat' dir='ltr'><strong>Eja</strong></span> <span class='ocrx_word' id='word_1_27' title='bbox 436 1285 544 1355; x_wconf 90' lang='lat' dir='ltr'><strong>Deum</strong></span> <span class='ocrx_word' id='word_1_28' title='bbox 558 1290 680 1352; x_wconf 79' lang='lat' dir='ltr'><strong>celebra</strong></span> <span class='ocrx_word' id='word_1_29' title='bbox 695 1288 822 1352; x_wconf 78' lang='lat' dir='ltr'>rutilans</span> <span class='ocrx_word' id='word_1_30' title='bbox 840 1295 899 1354; x_wconf 88' lang='lat' dir='ltr'><strong>line</strong></span> <span class='ocrx_word' id='word_1_31' title='bbox 917 1308 1046 1371; x_wconf 89' lang='lat' dir='ltr'><strong>corpore</strong></span> <span class='ocrx_word' id='word_1_32' title='bbox 1061 1306 1180 1378; x_wconf 76' lang='lat' dir='ltr'><strong>coetus,</strong></span> <span class='ocrx_word' id='word_1_33' title='bbox 1254 1326 1259 1341; x_wconf 86' lang='lat'><strong>·</strong></span> 
     </span>
     <span class='ocr_line' id='line_1_6' title="bbox 403 1371 1100 1456; baseline 0.003 -18"><span class='ocrx_word' id='word_1_34' title='bbox 403 1372 519 1456; x_wconf 84' lang='lat' dir='ltr'><strong>Siderei</strong></span> <span class='ocrx_word' id='word_1_35' title='bbox 529 1372 653 1456; x_wconf 81' lang='lat' dir='ltr'><strong>propiiis</strong></span> <span class='ocrx_word' id='word_1_36' title='bbox 672 1371 723 1454; x_wconf 93' lang='lat' dir='ltr'><strong>qui</strong></span> <span class='ocrx_word' id='word_1_37' title='bbox 741 1374 831 1453; x_wconf 81' lang='lat' dir='ltr'><strong>patris</strong></span> <span class='ocrx_word' id='word_1_38' title='bbox 848 1392 902 1436; x_wconf 83' lang='lat' dir='ltr'><strong>ora</strong></span> <span class='ocrx_word' id='word_1_39' title='bbox 918 1373 1018 1440; x_wconf 82' lang='lat' dir='ltr'><strong>vides:</strong></span> <span class='ocrx_word' id='word_1_40' title='bbox 1096 1374 1100 1379; x_wconf 82' lang='grc'><strong>’</strong></span> 
     </span>
     <span class='ocr_line' id='line_1_7' title="bbox 358 1452 1075 1543; baseline -0.003 -19"><span class='ocrx_word' id='word_1_41' title='bbox 358 1457 421 1543; x_wconf 84' lang='lat' dir='ltr'><strong>Eja</strong></span> <span class='ocrx_word' id='word_1_42' title='bbox 436 1452 546 1522; x_wconf 86' lang='lat' dir='ltr'><strong>Deum</strong></span> <span class='ocrx_word' id='word_1_43' title='bbox 560 1459 682 1520; x_wconf 83' lang='lat' dir='ltr'><strong>celebra</strong></span> <span class='ocrx_word' id='word_1_44' title='bbox 696 1455 806 1538; x_wconf 84' lang='lat' dir='ltr'>rapidis</span> <span class='ocrx_word' id='word_1_45' title='bbox 823 1456 972 1521; x_wconf 80' lang='lat' dir='ltr'><strong>exercitur</strong></span> <span class='ocrx_word' id='word_1_46' title='bbox 988 1457 1047 1522; x_wconf 76' lang='lat' dir='ltr'><strong>alit</strong></span> <span class='ocrx_word' id='word_1_47' title='bbox 1072 1529 1075 1534; x_wconf 57' lang='grc'><em>,</em></span> 
     </span>
     <span class='ocr_line' id='line_1_8' title="bbox 412 1538 1148 1622; baseline -0.003 -16"><span class='ocrx_word' id='word_1_48' title='bbox 412 1539 558 1622; x_wconf 90' lang='lat' dir='ltr'><strong>Concite,</strong></span> <span class='ocrx_word' id='word_1_49' title='bbox 578 1540 655 1604; x_wconf 94' lang='lat' dir='ltr'><strong>dum</strong></span> <span class='ocrx_word' id='word_1_50' title='bbox 671 1539 766 1621; x_wconf 77' lang='lat' dir='ltr'><strong>superi</strong></span> <span class='ocrx_word' id='word_1_51' title='bbox 781 1538 860 1621; x_wconf 77' lang='lat' dir='ltr'><strong>julla</strong></span> <span class='ocrx_word' id='word_1_52' title='bbox 873 1538 992 1616; x_wconf 75' lang='lat' dir='ltr'><strong>sacellis</strong></span> <span class='ocrx_word' id='word_1_53' title='bbox 1010 1542 1083 1604; x_wconf 89' lang='lat' dir='ltr'><strong>heri.</strong></span> <span class='ocrx_word' id='word_1_54' title='bbox 1142 1574 1148 1582; x_wconf 95' lang='lat'><strong>·</strong></span> 
     </span>
     <span class='ocr_line' id='line_1_9' title="bbox 320 1622 1242 1713; baseline -0.002 -20"><span class='ocrx_word' id='word_1_55' title='bbox 320 1645 339 1713; x_wconf 83' lang='lat'><em>3</em></span> <span class='ocrx_word' id='word_1_56' title='bbox 360 1623 421 1710; x_wconf 77' lang='lat' dir='ltr'><strong>Eja</strong></span> <span class='ocrx_word' id='word_1_57' title='bbox 438 1622 546 1689; x_wconf 91' lang='lat' dir='ltr'><strong>Deum</strong></span> <span class='ocrx_word' id='word_1_58' title='bbox 561 1624 682 1686; x_wconf 83' lang='lat' dir='ltr'><strong>celebra</strong></span> <span class='ocrx_word' id='word_1_59' title='bbox 696 1624 755 1705; x_wconf 86' lang='lat' dir='ltr'><strong>sul,</strong></span> <span class='ocrx_word' id='word_1_60' title='bbox 776 1623 849 1686; x_wconf 76' lang='lat' dir='ltr'><strong>lulis</strong></span> <span class='ocrx_word' id='word_1_61' title='bbox 867 1624 895 1686; x_wconf 82' lang='lat' dir='ltr'><strong>dr</strong></span> <span class='ocrx_word' id='word_1_62' title='bbox 913 1627 1025 1689; x_wconf 75' lang='lat' dir='ltr'><strong>emula</strong></span> <span class='ocrx_word' id='word_1_63' title='bbox 1041 1628 1136 1705; x_wconf 60' lang='lat' dir='ltr'><strong>lunai</strong></span> <span class='ocrx_word' id='word_1_64' title='bbox 1240 1654 1242 1657; x_wconf 95' lang='lat'>·</span> 
     </span>
     <span class='ocr_line' id='line_1_10' title="bbox 411 1699 994 1773; baseline -0.005 0"><span class='ocrx_word' id='word_1_65' title='bbox 411 1699 452 1773; x_wconf 84' lang='lat' dir='ltr'><strong>Et</strong></span> <span class='ocrx_word' id='word_1_66' title='bbox 472 1706 547 1773; x_wconf 84' lang='lat' dir='ltr'><strong>coeli</strong></span> <span class='ocrx_word' id='word_1_67' title='bbox 564 1707 680 1771; x_wconf 87' lang='lat' dir='ltr'><strong>levibus</strong></span> <span class='ocrx_word' id='word_1_68' title='bbox 692 1705 791 1768; x_wconf 82' lang='lat' dir='ltr'><strong>&#39;sidera</strong></span> <span class='ocrx_word' id='word_1_69' title='bbox 808 1705 895 1770; x_wconf 67' lang='lat' dir='ltr'><strong>vetit</strong></span> <span class='ocrx_word' id='word_1_70' title='bbox 910 1709 994 1770; x_wconf 86' lang='lat' dir='ltr'><strong>rotis.</strong></span> 
     </span>
     <span class='ocr_line' id='line_1_11' title="bbox 319 1789 1252 1879; baseline -0.006 -20"><span class='ocrx_word' id='word_1_71' title='bbox 319 1814 342 1879; x_wconf 76' lang='lat'>4</span> <span class='ocrx_word' id='word_1_72' title='bbox 359 1792 456 1859; x_wconf 88' lang='lat' dir='ltr'><strong>Hunc</strong></span> <span class='ocrx_word' id='word_1_73' title='bbox 472 1790 580 1875; x_wconf 80' lang='lat' dir='ltr'><strong>puriter</strong></span> <span class='ocrx_word' id='word_1_74' title='bbox 596 1794 728 1853; x_wconf 78' lang='lat' dir='ltr'><strong>etleuret</strong></span> <span class='ocrx_word' id='word_1_75' title='bbox 745 1789 875 1872; x_wconf 83' lang='lat' dir='ltr'><strong>supremi</strong></span> <span class='ocrx_word' id='word_1_76' title='bbox 890 1791 1032 1863; x_wconf 75' lang='lat' dir='ltr'><strong>machina</strong></span> <span class='ocrx_word' id='word_1_77' title='bbox 1048 1791 1136 1873; x_wconf 86' lang='lat' dir='ltr'><strong>coeli,</strong></span> <span class='ocrx_word' id='word_1_78' title='bbox 1250 1832 1252 1840; x_wconf 88' lang='lat'>·</span> 
     </span>
     <span class='ocr_line' id='line_1_12' title="bbox 205 1874 1103 1958; baseline -0.002 -18"><span class='ocrx_word' id='word_1_79' title='bbox 205 1940 212 1956; x_wconf 70' lang='grc'>,</span> <span class='ocrx_word' id='word_1_80' title='bbox 410 1875 575 1958; x_wconf 73' lang='lat' dir='ltr'>Quotquot</span> <span class='ocrx_word' id='word_1_81' title='bbox 591 1874 619 1938; x_wconf 83' lang='lat' dir='ltr'><strong>de</strong></span> <span class='ocrx_word' id='word_1_82' title='bbox 637 1892 673 1936; x_wconf 84' lang='lat' dir='ltr'><strong>ex</strong></span> <span class='ocrx_word' id='word_1_83' title='bbox 689 1877 753 1935; x_wconf 84' lang='lat' dir='ltr'><strong>alto</strong></span> <span class='ocrx_word' id='word_1_84' title='bbox 769 1874 990 1955; x_wconf 70' lang='lat' dir='ltr'><strong>praecipitantur</strong></span> <span class='ocrx_word' id='word_1_85' title='bbox 1004 1893 1103 1956; x_wconf 74' lang='lat' dir='ltr'><strong>aquo.</strong></span> 
     </span>
     <span class='ocr_line' id='line_1_13' title="bbox 320 1956 1157 2042; baseline 0.001 -21"><span class='ocrx_word' id='word_1_86' title='bbox 320 1959 373 2042; x_wconf 85' lang='lat'><strong>5,6</strong></span> <span class='ocrx_word' id='word_1_87' title='bbox 393 1960 489 2024; x_wconf 87' lang='lat' dir='ltr'><strong>Hunc</strong></span> <span class='ocrx_word' id='word_1_88' title='bbox 505 1959 655 2021; x_wconf 87' lang='lat' dir='ltr'><strong>celebrate</strong></span> <span class='ocrx_word' id='word_1_89' title='bbox 671 1958 776 2035; x_wconf 74' lang='lat' dir='ltr'><strong>simul,</strong></span> <span class='ocrx_word' id='word_1_90' title='bbox 795 1959 889 2020; x_wconf 87' lang='lat' dir='ltr'><strong>verbo</strong></span> <span class='ocrx_word' id='word_1_91' title='bbox 900 1977 955 2021; x_wconf 90' lang='lat' dir='ltr'><strong>vos</strong></span> <span class='ocrx_word' id='word_1_92' title='bbox 974 1959 1028 2020; x_wconf 91' lang='lat' dir='ltr'><strong>ille</strong></span> <span class='ocrx_word' id='word_1_93' title='bbox 1040 1956 1157 2040; x_wconf 79' lang='lat' dir='ltr'><strong>potenti</strong></span> 
     </span>
     <span class='ocr_line' id='line_1_14' title="bbox 403 2039 1152 2125; baseline 0.001 -19"><span class='ocrx_word' id='word_1_94' title='bbox 403 2040 563 2120; x_wconf 77' lang='lat' dir='ltr'><strong>Condidit,</strong></span> <span class='ocrx_word' id='word_1_95' title='bbox 582 2041 611 2104; x_wconf 84' lang='lat' dir='ltr'><strong>dt</strong></span> <span class='ocrx_word' id='word_1_96' title='bbox 628 2039 723 2103; x_wconf 83' lang='lat' dir='ltr'><strong>stabili</strong></span> <span class='ocrx_word' id='word_1_97' title='bbox 738 2060 822 2103; x_wconf 92' lang='lat' dir='ltr'><strong>nunc</strong></span> <span class='ocrx_word' id='word_1_98' title='bbox 841 2061 965 2120; x_wconf 90' lang='lat' dir='ltr'><strong>quoque</strong></span> <span class='ocrx_word' id='word_1_99' title='bbox 982 2045 1010 2103; x_wconf 90' lang='lat' dir='ltr'><strong>le</strong></span> <span class='ocrx_word' id='word_1_100' title='bbox 1033 2063 1049 2103; x_wconf 93' lang='lat' dir='ltr'><strong>e</strong></span> <span class='ocrx_word' id='word_1_101' title='bbox 1066 2043 1152 2125; x_wconf 77' lang='lat' dir='ltr'><strong>regit.</strong></span> 
     </span>
     <span class='ocr_line' id='line_1_15' title="bbox 320 2062 1135 2208; baseline -0.002 -18"><span class='ocrx_word' id='word_1_102' title='bbox 320 2140 340 2208; x_wconf 89' lang='lat'>7</span> <span class='ocrx_word' id='word_1_103' title='bbox 360 2122 495 2191; x_wconf 79' lang='lat' dir='ltr'><strong>AEtheris</strong></span> <span class='ocrx_word' id='word_1_104' title='bbox 513 2124 543 2190; x_wconf 83' lang='lat' dir='ltr'><strong>dt</strong></span> <span class='ocrx_word' id='word_1_105' title='bbox 559 2112 735 2189; x_wconf 83' lang='lat' dir='ltr'><strong>Dominum</strong></span> <span class='ocrx_word' id='word_1_106' title='bbox 751 2123 855 2188; x_wconf 80' lang='lat' dir='ltr'><strong>laudet</strong></span> <span class='ocrx_word' id='word_1_107' title='bbox 870 2128 982 2188; x_wconf 91' lang='lat' dir='ltr'><strong>tellure</strong></span> <span class='ocrx_word' id='word_1_108' title='bbox 999 2062 1054 2189; x_wconf 56' lang='lat' dir='ltr'><strong>sith</strong></span> <span class='ocrx_word' id='word_1_109' title='bbox 1072 2125 1135 2188; x_wconf 81' lang='lat' dir='ltr'><strong>ima</strong></span> 
     </span>
     <span class='ocr_line' id='line_1_16' title="bbox 411 2203 1241 2297; baseline 0 -23"><span class='ocrx_word' id='word_1_110' title='bbox 411 2203 504 2274; x_wconf 83' lang='lat' dir='ltr'><strong>Trux</strong></span> <span class='ocrx_word' id='word_1_111' title='bbox 518 2207 624 2290; x_wconf 84' lang='lat' dir='ltr'><strong>draco,</strong></span> <span class='ocrx_word' id='word_1_112' title='bbox 644 2207 724 2271; x_wconf 80' lang='lat' dir='ltr'><strong>vestu</strong></span> <span class='ocrx_word' id='word_1_113' title='bbox 740 2207 832 2272; x_wconf 85' lang='lat' dir='ltr'><strong>maris</strong></span> <span class='ocrx_word' id='word_1_114' title='bbox 849 2207 999 2289; x_wconf 90' lang='lat' dir='ltr'><strong>quidquid</strong></span> <span class='ocrx_word' id='word_1_115' title='bbox 1015 2210 1045 2272; x_wconf 82' lang='lat' dir='ltr'><strong>de</strong></span> <span class='ocrx_word' id='word_1_116' title='bbox 1065 2207 1148 2273; x_wconf 85' lang='lat' dir='ltr'><strong>unda</strong></span> <span class='ocrx_word' id='word_1_117' title='bbox 1164 2209 1241 2297; x_wconf 49' lang='lat' dir='ltr'><strong>tegite</strong></span> 
     </span>
     <span class='ocr_line' id='line_1_17' title="bbox 318 2287 1168 2382; baseline 0 -26"><span class='ocrx_word' id='word_1_118' title='bbox 318 2287 339 2356; x_wconf 88' lang='lat'>8</span> <span class='ocrx_word' id='word_1_119' title='bbox 360 2290 401 2358; x_wconf 82' lang='lat' dir='ltr'><strong>Et</strong></span> <span class='ocrx_word' id='word_1_120' title='bbox 418 2311 496 2357; x_wconf 83' lang='lat' dir='ltr'><strong>cava</strong></span> <span class='ocrx_word' id='word_1_121' title='bbox 511 2312 580 2374; x_wconf 83' lang='lat' dir='ltr'><strong>quae</strong></span> <span class='ocrx_word' id='word_1_122' title='bbox 596 2291 670 2357; x_wconf 82' lang='lat' dir='ltr'><strong>eoeli</strong></span> <span class='ocrx_word' id='word_1_123' title='bbox 685 2291 845 2355; x_wconf 84' lang='lat' dir='ltr'>subtexunt</span> <span class='ocrx_word' id='word_1_124' title='bbox 860 2291 976 2356; x_wconf 85' lang='lat' dir='ltr'><strong>tnoeuia</strong></span> <span class='ocrx_word' id='word_1_125' title='bbox 995 2293 1139 2374; x_wconf 80' lang='lat' dir='ltr'><strong>llammae,</strong></span> <span class='ocrx_word' id='word_1_126' title='bbox 1163 2371 1168 2382; x_wconf 36' lang='grc' dir='ltr'><strong><em>Ι</em></strong></span> 
     </span>
     <span class='ocr_line' id='line_1_18' title="bbox 409 2373 1119 2459; baseline 0.004 -19"><span class='ocrx_word' id='word_1_127' title='bbox 409 2373 451 2440; x_wconf 89' lang='lat' dir='ltr'><strong>Et</strong></span> <span class='ocrx_word' id='word_1_128' title='bbox 467 2395 534 2455; x_wconf 86' lang='lat' dir='ltr'><strong>quae</strong></span> <span class='ocrx_word' id='word_1_129' title='bbox 551 2373 714 2459; x_wconf 86' lang='lat' dir='ltr'><strong>frugiferos</strong></span> <span class='ocrx_word' id='word_1_130' title='bbox 764 2374 847 2439; x_wconf 81' lang='lat' dir='ltr'><strong>ando</strong></span> <span class='ocrx_word' id='word_1_131' title='bbox 864 2378 996 2459; x_wconf 78' lang='lat' dir='ltr'><strong>flagellat</strong></span> <span class='ocrx_word' id='word_1_132' title='bbox 1012 2394 1119 2459; x_wconf 74' lang='lat' dir='ltr'><strong>agrotr</strong></span> 
     </span>
     <span class='ocr_line' id='line_1_19' title="bbox 360 2394 1300 2555; baseline 0.009 -36"><span class='ocrx_word' id='word_1_133' title='bbox 360 2453 402 2523; x_wconf 82' lang='lat' dir='ltr'><strong>Et</strong></span> <span class='ocrx_word' id='word_1_134' title='bbox 418 2456 469 2520; x_wconf 82' lang='lat' dir='ltr'><strong>nix</strong></span> <span class='ocrx_word' id='word_1_135' title='bbox 487 2475 563 2520; x_wconf 92' lang='lat' dir='ltr'><strong>cum</strong></span> <span class='ocrx_word' id='word_1_136' title='bbox 578 2458 708 2539; x_wconf 83' lang='lat' dir='ltr'><strong>nebulis,</strong></span> <span class='ocrx_word' id='word_1_137' title='bbox 729 2394 946 2539; x_wconf 47' lang='lat' dir='ltr'><strong>{tempestate</strong></span> <span class='ocrx_word' id='word_1_138' title='bbox 962 2458 1070 2524; x_wconf 71' lang='lat' dir='ltr'><strong>sonori</strong></span> <span class='ocrx_word' id='word_1_139' title='bbox 1144 2526 1148 2531; x_wconf 78' lang='grc'><strong><em>,</em></strong></span> <span class='ocrx_word' id='word_1_140' title='bbox 1255 2502 1257 2507; x_wconf 92' lang='grc'>-</span> <span class='ocrx_word' id='word_1_141' title='bbox 1285 2486 1300 2555; x_wconf 51' lang='lat'>3</span> 
     </span>
     <span class='ocr_line' id='line_1_20' title="bbox 409 2534 1098 2625; baseline 0.001 -19"><span class='ocrx_word' id='word_1_142' title='bbox 409 2534 498 2606; x_wconf 86' lang='lat' dir='ltr'><strong>illius</strong></span> <span class='ocrx_word' id='word_1_143' title='bbox 516 2539 553 2604; x_wconf 74' lang='lat' dir='ltr'><strong>ed</strong></span> <span class='ocrx_word' id='word_1_144' title='bbox 570 2555 680 2602; x_wconf 91' lang='lat' dir='ltr'><strong>nutum</strong></span> <span class='ocrx_word' id='word_1_145' title='bbox 696 2541 748 2620; x_wconf 92' lang='lat' dir='ltr'><strong>qui</strong></span> <span class='ocrx_word' id='word_1_146' title='bbox 768 2543 879 2622; x_wconf 85' lang='lat' dir='ltr'><strong>quatis,</strong></span> <span class='ocrx_word' id='word_1_147' title='bbox 898 2541 990 2625; x_wconf 91' lang='lat' dir='ltr'><strong>Eure,</strong></span> <span class='ocrx_word' id='word_1_148' title='bbox 1009 2557 1098 2620; x_wconf 65' lang='lat' dir='ltr'><strong>rates·</strong></span> 
     </span>
     <span class='ocr_line' id='line_1_21' title="bbox 317 2621 1108 2709; baseline -0.003 -18"><span class='ocrx_word' id='word_1_149' title='bbox 317 2641 340 2709; x_wconf 90' lang='lat'><em>9</em></span> <span class='ocrx_word' id='word_1_150' title='bbox 360 2621 400 2691; x_wconf 78' lang='lat' dir='ltr'><strong>Et</strong></span> <span class='ocrx_word' id='word_1_151' title='bbox 416 2622 530 2692; x_wconf 78' lang='lat' dir='ltr'><strong>tettieae</strong></span> <span class='ocrx_word' id='word_1_152' title='bbox 545 2643 645 2706; x_wconf 84' lang='lat' dir='ltr'><strong>rupes,</strong></span> <span class='ocrx_word' id='word_1_153' title='bbox 665 2624 694 2687; x_wconf 82' lang='lat' dir='ltr'><strong>dt</strong></span> <span class='ocrx_word' id='word_1_154' title='bbox 711 2638 835 2688; x_wconf 84' lang='lat' dir='ltr'><strong>ovantes</strong></span> <span class='ocrx_word' id='word_1_155' title='bbox 852 2625 978 2706; x_wconf 80' lang='lat' dir='ltr'><strong>palmite</strong></span> <span class='ocrx_word' id='word_1_156' title='bbox 994 2628 1108 2709; x_wconf 73' lang='lat' dir='ltr'><strong>colleS,</strong></span> 
     </span>
     <span class='ocr_line' id='line_1_22' title="bbox 411 2695 1278 2790; baseline -0.002 -16"><span class='ocrx_word' id='word_1_157' title='bbox 411 2695 452 2774; x_wconf 75' lang='lat' dir='ltr'><strong>Et</strong></span> <span class='ocrx_word' id='word_1_158' title='bbox 468 2706 590 2790; x_wconf 84' lang='lat' dir='ltr'><strong>cedrus,</strong></span> <span class='ocrx_word' id='word_1_159' title='bbox 606 2708 634 2772; x_wconf 85' lang='lat' dir='ltr'><strong>dt</strong></span> <span class='ocrx_word' id='word_1_160' title='bbox 651 2706 751 2788; x_wconf 90' lang='lat' dir='ltr'><strong>pomis</strong></span> <span class='ocrx_word' id='word_1_161' title='bbox 769 2707 858 2771; x_wconf 85' lang='lat' dir='ltr'><strong>arbor</strong></span> <span class='ocrx_word' id='word_1_162' title='bbox 873 2707 980 2772; x_wconf 86' lang='lat' dir='ltr'><strong>onusta</strong></span> <span class='ocrx_word' id='word_1_163' title='bbox 995 2708 1096 2779; x_wconf 69' lang='lat' dir='ltr'><strong>novis,</strong></span> <span class='ocrx_word' id='word_1_164' title='bbox 1276 2747 1278 2754; x_wconf 35' lang='grc' dir='ltr'>ι</span> 
     </span>
     <span class='ocr_line' id='line_1_23' title="bbox 320 2788 1241 2885; baseline -0.001 -29"><span class='ocrx_word' id='word_1_165' title='bbox 320 2805 361 2857; x_wconf 88' lang='lat' dir='ltr'><strong>to</strong></span> <span class='ocrx_word' id='word_1_166' title='bbox 381 2788 529 2885; x_wconf 81' lang='lat' dir='ltr'><strong>Cumque</strong></span> <span class='ocrx_word' id='word_1_167' title='bbox 542 2788 614 2854; x_wconf 90' lang='lat' dir='ltr'><strong>feris</strong></span> <span class='ocrx_word' id='word_1_168' title='bbox 630 2790 775 2875; x_wconf 86' lang='lat' dir='ltr'><strong>pecudes,</strong></span> <span class='ocrx_word' id='word_1_169' title='bbox 796 2793 909 2873; x_wconf 75' lang='lat' dir='ltr'><strong>&amp;que</strong></span> <span class='ocrx_word' id='word_1_170' title='bbox 925 2790 1006 2857; x_wconf 84' lang='lat' dir='ltr'><strong>secut</strong></span> <span class='ocrx_word' id='word_1_171' title='bbox 1022 2791 1132 2857; x_wconf 74' lang='lat' dir='ltr'><strong>uthere</strong></span> <span class='ocrx_word' id='word_1_172' title='bbox 1141 2793 1241 2876; x_wconf 80' lang='lat' dir='ltr'><strong>permit</strong></span> 
     </span>
     <span class='ocr_line' id='line_1_24' title="bbox 409 2867 1111 2954; baseline 0.009 -21"><span class='ocrx_word' id='word_1_173' title='bbox 409 2867 520 2952; x_wconf 87' lang='lat' dir='ltr'><strong>Nutto,</strong></span> <span class='ocrx_word' id='word_1_174' title='bbox 538 2876 588 2935; x_wconf 89' lang='lat' dir='ltr'><strong>vel</strong></span> <span class='ocrx_word' id='word_1_175' title='bbox 606 2893 703 2952; x_wconf 90' lang='lat' dir='ltr'><strong>prono</strong></span> <span class='ocrx_word' id='word_1_176' title='bbox 719 2876 844 2954; x_wconf 72' lang='lat' dir='ltr'><strong>pectore</strong></span> <span class='ocrx_word' id='word_1_177' title='bbox 860 2876 954 2938; x_wconf 89' lang='lat' dir='ltr'><strong>verrit</strong></span> <span class='ocrx_word' id='word_1_178' title='bbox 969 2877 1111 2939; x_wconf 86' lang='lat' dir='ltr'><strong>humum.</strong></span> 
     </span>
     <span class='ocr_line' id='line_1_25' title="bbox 320 2952 1198 3045; baseline 0.01 -28"><span class='ocrx_word' id='word_1_179' title='bbox 320 2975 355 3020; x_wconf 88' lang='lat' dir='ltr'><strong>rr</strong></span> <span class='ocrx_word' id='word_1_180' title='bbox 381 2952 637 3033; x_wconf 85' lang='lat' dir='ltr'><strong>Gemmit&#39;eroque</strong></span> <span class='ocrx_word' id='word_1_181' title='bbox 654 2969 779 3018; x_wconf 82' lang='lat' dir='ltr'><strong>comam</strong></span> <span class='ocrx_word' id='word_1_182' title='bbox 796 2952 890 3019; x_wconf 72' lang='lat' dir='ltr'><strong>cintii</strong></span> <span class='ocrx_word' id='word_1_183' title='bbox 906 2957 1078 3020; x_wconf 82' lang='lat' dir='ltr'><strong>diademate</strong></span> <span class='ocrx_word' id='word_1_184' title='bbox 1094 2980 1198 3045; x_wconf 56' lang='lat' dir='ltr'><strong>regen</strong></span> 
     </span>
     <span class='ocr_line' id='line_1_26' title="bbox 409 3035 1288 3121; baseline 0.005 -19"><span class='ocrx_word' id='word_1_185' title='bbox 409 3036 537 3117; x_wconf 79' lang='lat' dir='ltr'><strong>Vosque</strong></span> <span class='ocrx_word' id='word_1_186' title='bbox 555 3036 663 3116; x_wconf 86' lang='lat' dir='ltr'><strong>quibus</strong></span> <span class='ocrx_word' id='word_1_187' title='bbox 678 3035 724 3100; x_wconf 80' lang='lat' dir='ltr'><strong>fus</strong></span> <span class='ocrx_word' id='word_1_188' title='bbox 742 3037 782 3101; x_wconf 88' lang='lat' dir='ltr'><strong>cst</strong></span> <span class='ocrx_word' id='word_1_189' title='bbox 797 3037 899 3101; x_wconf 86' lang='lat' dir='ltr'><strong>dicere</strong></span> <span class='ocrx_word' id='word_1_190' title='bbox 912 3039 981 3120; x_wconf 84' lang='lat' dir='ltr'><strong>jura</strong></span> <span class='ocrx_word' id='word_1_191' title='bbox 997 3055 1109 3121; x_wconf 89' lang='lat' dir='ltr'><strong>patres.</strong></span> <span class='ocrx_word' id='word_1_192' title='bbox 1284 3035 1288 3053; x_wconf 79' lang='lat'>¹</span> 
     </span>
     <span class='ocr_line' id='line_1_27' title="bbox 319 3119 1230 3209; baseline 0.005 -20"><span class='ocrx_word' id='word_1_193' title='bbox 319 3143 357 3189; x_wconf 76' lang='grc' dir='ltr'><strong>η</strong></span> <span class='ocrx_word' id='word_1_194' title='bbox 379 3119 527 3187; x_wconf 81' lang='lat' dir='ltr'><strong>Fervidus</strong></span> <span class='ocrx_word' id='word_1_195' title='bbox 545 3121 574 3185; x_wconf 91' lang='lat'>&amp;</span> <span class='ocrx_word' id='word_1_196' title='bbox 588 3121 737 3204; x_wconf 84' lang='lat' dir='ltr'><strong>jtrvenum</strong></span> <span class='ocrx_word' id='word_1_197' title='bbox 753 3122 877 3206; x_wconf 86' lang='lat' dir='ltr'><strong>chorus,</strong></span> <span class='ocrx_word' id='word_1_198' title='bbox 896 3121 1089 3205; x_wconf 73' lang='lat' dir='ltr'><strong>innuptaeque</strong></span> <span class='ocrx_word' id='word_1_199' title='bbox 1106 3131 1230 3209; x_wconf 80' lang='lat' dir='ltr'><strong>puellae;</strong></span> 
     </span>
     <span class='ocr_line' id='line_1_28' title="bbox 412 3203 1070 3289; baseline 0.006 -21"><span class='ocrx_word' id='word_1_200' title='bbox 412 3203 452 3268; x_wconf 91' lang='lat' dir='ltr'><strong>Et</strong></span> <span class='ocrx_word' id='word_1_201' title='bbox 489 3225 542 3268; x_wconf 93' lang='lat' dir='ltr'><strong>uer</strong></span> <span class='ocrx_word' id='word_1_202' title='bbox 558 3205 703 3289; x_wconf 88' lang='lat' dir='ltr'><strong>imbellis,</strong></span> <span class='ocrx_word' id='word_1_203' title='bbox 722 3205 953 3288; x_wconf 89' lang='lat' dir='ltr'><strong>decrepitusque</strong></span> <span class='ocrx_word' id='word_1_204' title='bbox 970 3208 1070 3272; x_wconf 84' lang='lat' dir='ltr'><strong>senex.</strong></span> 
     </span>
     <span class='ocr_line' id='line_1_29' title="bbox 318 3285 1268 3374; baseline 0.004 -25"><span class='ocrx_word' id='word_1_205' title='bbox 318 3308 355 3374; x_wconf 72' lang='lat'><strong>13</strong></span> <span class='ocrx_word' id='word_1_206' title='bbox 378 3285 451 3353; x_wconf 86' lang='lat' dir='ltr'><strong>Cun</strong></span> <span class='ocrx_word' id='word_1_207' title='bbox 484 3307 501 3348; x_wconf 84' lang='lat' dir='ltr'><strong>o</strong></span> <span class='ocrx_word' id='word_1_208' title='bbox 518 3285 625 3351; x_wconf 92' lang='lat' dir='ltr'><strong>Deum</strong></span> <span class='ocrx_word' id='word_1_209' title='bbox 636 3291 803 3373; x_wconf 89' lang='lat' dir='ltr'><strong>celebrent,</strong></span> <span class='ocrx_word' id='word_1_210' title='bbox 824 3291 1024 3372; x_wconf 81' lang='lat' dir='ltr'><strong>quipraestans</strong></span> <span class='ocrx_word' id='word_1_211' title='bbox 1039 3292 1268 3368; x_wconf 80' lang='lat' dir='ltr'><strong>omuibusunur,</strong></span> 
     </span>
     <span class='ocr_line' id='line_1_30' title="bbox 408 3370 982 3454; baseline 0.003 -19"><span class='ocrx_word' id='word_1_212' title='bbox 408 3370 511 3435; x_wconf 85' lang='lat' dir='ltr'><strong>Altior</strong></span> <span class='ocrx_word' id='word_1_213' title='bbox 527 3370 569 3434; x_wconf 87' lang='lat' dir='ltr'><strong>est</strong></span> <span class='ocrx_word' id='word_1_214' title='bbox 586 3372 683 3454; x_wconf 84' lang='lat' dir='ltr'><strong>terris,</strong></span> <span class='ocrx_word' id='word_1_215' title='bbox 704 3372 884 3452; x_wconf 88' lang='lat' dir='ltr'><strong>sidereisque</strong></span> <span class='ocrx_word' id='word_1_216' title='bbox 899 3375 982 3439; x_wconf 84' lang='lat' dir='ltr'><strong>rotis.</strong></span> 
     </span>
     <span class='ocr_line' id='line_1_31' title="bbox 316 3453 1175 3540; baseline 0.008 -21"><span class='ocrx_word' id='word_1_217' title='bbox 316 3473 356 3540; x_wconf 91' lang='lat'><strong>14</strong></span> <span class='ocrx_word' id='word_1_218' title='bbox 376 3453 439 3534; x_wconf 82' lang='lat' dir='ltr'><strong>Hic</strong></span> <span class='ocrx_word' id='word_1_219' title='bbox 460 3454 510 3518; x_wconf 90' lang='lat' dir='ltr'><strong>libi</strong></span> <span class='ocrx_word' id='word_1_220' title='bbox 529 3453 675 3519; x_wconf 88' lang='lat' dir='ltr'><strong>devotum</strong></span> <span class='ocrx_word' id='word_1_221' title='bbox 691 3459 853 3537; x_wconf 92' lang='lat' dir='ltr'><strong>populum,</strong></span> <span class='ocrx_word' id='word_1_222' title='bbox 874 3474 1055 3539; x_wconf 79' lang='lat' dir='ltr'><strong>gentemque</strong></span> <span class='ocrx_word' id='word_1_223' title='bbox 1072 3455 1175 3526; x_wconf 83' lang='lat' dir='ltr'><strong>Sionis</strong></span> 
     </span>
     <span class='ocr_line' id='line_1_32' title="bbox 404 3536 1154 3626; baseline 0.001 -22"><span class='ocrx_word' id='word_1_224' title='bbox 404 3537 528 3604; x_wconf 86' lang='lat' dir='ltr'><strong>Evehit:</strong></span> <span class='ocrx_word' id='word_1_225' title='bbox 549 3537 634 3626; x_wconf 76' lang='lat' dir='ltr'><strong>Ergo</strong></span> <span class='ocrx_word' id='word_1_226' title='bbox 650 3536 723 3604; x_wconf 92' lang='lat' dir='ltr'><strong>Deo</strong></span> <span class='ocrx_word' id='word_1_227' title='bbox 742 3544 808 3604; x_wconf 82' lang='lat' dir='ltr'><strong>leus</strong></span> <span class='ocrx_word' id='word_1_228' title='bbox 827 3542 860 3604; x_wconf 90' lang='lat' dir='ltr'><strong>lit</strong></span> <span class='ocrx_word' id='word_1_229' title='bbox 878 3543 1025 3607; x_wconf 84' lang='lat' dir='ltr'><strong>&amp;omnis</strong></span> <span class='ocrx_word' id='word_1_230' title='bbox 1042 3543 1154 3607; x_wconf 69' lang='lat' dir='ltr'><strong>honor.</strong></span> 
     </span>
    </p>
   </div>
   <div class='ocr_carea' id='block_1_4' title="bbox 572 3676 960 3789">
    <p class='ocr_par' dir='ltr' id='par_1_4' title="bbox 572 3676 960 3789">
     <span class='ocr_line' id='line_1_33' title="bbox 572 3676 960 3789; baseline 0.013 -8"><span class='ocrx_word' id='word_1_231' title='bbox 572 3676 598 3781; x_wconf 42' lang='lat' dir='ltr'><strong>&#39;P</strong></span> <span class='ocrx_word' id='word_1_232' title='bbox 621 3715 642 3784; x_wconf 84' lang='lat' dir='ltr'>s</span> <span class='ocrx_word' id='word_1_233' title='bbox 664 3720 695 3786; x_wconf 85' lang='lat' dir='ltr'>A</span> <span class='ocrx_word' id='word_1_234' title='bbox 716 3721 758 3786; x_wconf 78' lang='lat' dir='ltr'><strong>u.</strong></span> <span class='ocrx_word' id='word_1_235' title='bbox 801 3721 960 3789; x_wconf 74' lang='lat' dir='ltr'><strong>exunt.</strong></span> 
     </span>
    </p>
   </div>
   <div class='ocr_carea' id='block_1_5' title="bbox 307 3859 1236 4370">
    <p class='ocr_par' dir='ltr' id='par_1_5' title="bbox 350 3859 1180 4021">
     <span class='ocr_line' id='line_1_34' title="bbox 350 3859 1180 4021; baseline 0.011 -94"><span class='ocrx_word' id='word_1_236' title='bbox 350 3862 510 4021; x_wconf 85' lang='lat' dir='ltr'><strong>Dicite</strong></span> <span class='ocrx_word' id='word_1_237' title='bbox 525 3859 634 3925; x_wconf 77' lang='lat' dir='ltr'><strong>rcuori</strong></span> <span class='ocrx_word' id='word_1_238' title='bbox 648 3863 790 3944; x_wconf 85' lang='lat' dir='ltr'><strong>superilm</strong></span> <span class='ocrx_word' id='word_1_239' title='bbox 807 3887 888 3931; x_wconf 85' lang='lat' dir='ltr'><strong>nova</strong></span> <span class='ocrx_word' id='word_1_240' title='bbox 904 3868 1057 3949; x_wconf 76' lang='lat' dir='ltr'><strong>carmina3</strong></span> <span class='ocrx_word' id='word_1_241' title='bbox 1077 3870 1180 3935; x_wconf 75' lang='lat' dir='ltr'><strong>sacros</strong></span> 
     </span>
    </p>

    <p class='ocr_par' dir='ltr' id='par_1_6' title="bbox 476 3945 1236 4042">
     <span class='ocr_line' id='line_1_35' title="bbox 476 3945 1236 4042; baseline 0.012 -31"><span class='ocrx_word' id='word_1_242' title='bbox 476 3945 596 4011; x_wconf 79' lang='lat' dir='ltr'><strong>Audiat·</strong></span> <span class='ocrx_word' id='word_1_243' title='bbox 613 3946 641 4010; x_wconf 86' lang='lat'>&amp;</span> <span class='ocrx_word' id='word_1_244' title='bbox 660 3951 764 4028; x_wconf 88' lang='lat' dir='ltr'><strong>populi</strong></span> <span class='ocrx_word' id='word_1_245' title='bbox 784 3965 849 4014; x_wconf 82' lang='lat' dir='ltr'><strong>tota</strong></span> <span class='ocrx_word' id='word_1_246' title='bbox 864 3970 980 4013; x_wconf 84' lang='lat' dir='ltr'><strong>corona</strong></span> <span class='ocrx_word' id='word_1_247' title='bbox 996 3953 1120 4019; x_wconf 88' lang='lat' dir='ltr'><strong>modos.</strong></span> <span class='ocrx_word' id='word_1_248' title='bbox 1227 4022 1236 4042; x_wconf 56' lang='lat'><strong>,</strong></span> 
     </span>
    </p>

    <p class='ocr_par' dir='ltr' id='par_1_7' title="bbox 311 4028 1233 4204">
     <span class='ocr_line' id='line_1_36' title="bbox 311 4028 1233 4114; baseline 0.002 -18"><span class='ocrx_word' id='word_1_249' title='bbox 311 4051 361 4114; x_wconf 79' lang='lat'><strong>2,3</strong></span> <span class='ocrx_word' id='word_1_250' title='bbox 383 4030 451 4096; x_wconf 84' lang='lat' dir='ltr'><strong>Rex</strong></span> <span class='ocrx_word' id='word_1_251' title='bbox 465 4030 536 4096; x_wconf 81' lang='lat' dir='ltr'><strong>setus</strong></span> <span class='ocrx_word' id='word_1_252' title='bbox 554 4028 686 4094; x_wconf 64' lang='lat' dir='ltr'><strong>oblecter</strong></span> <span class='ocrx_word' id='word_1_253' title='bbox 702 4028 876 4112; x_wconf 83' lang='lat' dir='ltr'><strong>Solymum,</strong></span> <span class='ocrx_word' id='word_1_254' title='bbox 896 4033 967 4096; x_wconf 91' lang='lat' dir='ltr'><strong>suus</strong></span> <span class='ocrx_word' id='word_1_255' title='bbox 986 4035 1094 4101; x_wconf 70' lang='lat' dir='ltr'><strong>audior</strong></span> <span class='ocrx_word' id='word_1_256' title='bbox 1112 4036 1233 4102; x_wconf 80' lang='lat' dir='ltr'><strong>Auram</strong></span> 
     </span>
     <span class='ocr_line' id='line_1_37' title="bbox 404 4113 1187 4204; baseline 0.008 -28"><span class='ocrx_word' id='word_1_257' title='bbox 404 4113 600 4200; x_wconf 86' lang='lat' dir='ltr'><strong>Progeniem:</strong></span> <span class='ocrx_word' id='word_1_258' title='bbox 621 4113 741 4178; x_wconf 81' lang='lat' dir='ltr'><strong>citharis</strong></span> <span class='ocrx_word' id='word_1_259' title='bbox 760 4134 833 4199; x_wconf 84' lang='lat' dir='ltr'><strong>gens</strong></span> <span class='ocrx_word' id='word_1_260' title='bbox 850 4115 935 4178; x_wconf 81' lang='lat' dir='ltr'><strong>sucro</strong></span> <span class='ocrx_word' id='word_1_261' title='bbox 950 4118 1045 4204; x_wconf 87' lang='lat' dir='ltr'><strong>junge</strong></span> <span class='ocrx_word' id='word_1_262' title='bbox 1063 4123 1187 4187; x_wconf 78' lang='lat' dir='ltr'><strong>choros,</strong></span> 
     </span>
    </p>

    <p class='ocr_par' dir='ltr' id='par_1_8' title="bbox 307 4195 1092 4370">
     <span class='ocr_line' id='line_1_38' title="bbox 307 4195 1045 4284; baseline 0.008 -23"><span class='ocrx_word' id='word_1_263' title='bbox 307 4215 329 4280; x_wconf 76' lang='grc'><strong>4</strong></span> <span class='ocrx_word' id='word_1_264' title='bbox 350 4195 408 4262; x_wconf 89' lang='lat' dir='ltr'><strong>Ille</strong></span> <span class='ocrx_word' id='word_1_265' title='bbox 423 4196 479 4260; x_wconf 92' lang='lat' dir='ltr'><strong>suo</strong></span> <span class='ocrx_word' id='word_1_266' title='bbox 495 4202 612 4281; x_wconf 92' lang='lat' dir='ltr'><strong>populo</strong></span> <span class='ocrx_word' id='word_1_267' title='bbox 626 4196 717 4283; x_wconf 80' lang='lat' dir='ltr'><strong>favet,</strong></span> <span class='ocrx_word' id='word_1_268' title='bbox 739 4197 909 4263; x_wconf 76' lang='lat' dir='ltr'><strong>oblediatur</strong></span> <span class='ocrx_word' id='word_1_269' title='bbox 929 4202 958 4266; x_wconf 83' lang='lat' dir='ltr'><strong>dt</strong></span> <span class='ocrx_word' id='word_1_270' title='bbox 977 4201 1045 4284; x_wconf 86' lang='lat' dir='ltr'><strong>illu,</strong></span> 
     </span>
     <span class='ocr_line' id='line_1_39' title="bbox 395 4277 1092 4370; baseline 0.006 -23"><span class='ocrx_word' id='word_1_271' title='bbox 395 4277 528 4348; x_wconf 85' lang='lat' dir='ltr'><strong>Mitibus</strong></span> <span class='ocrx_word' id='word_1_272' title='bbox 546 4283 576 4350; x_wconf 82' lang='lat' dir='ltr'><strong>dt</strong></span> <span class='ocrx_word' id='word_1_273' title='bbox 592 4278 703 4350; x_wconf 76' lang='lat' dir='ltr'><strong>uindex</strong></span> <span class='ocrx_word' id='word_1_274' title='bbox 720 4281 823 4370; x_wconf 73' lang='lat' dir='ltr'><strong>cinget</strong></span> <span class='ocrx_word' id='word_1_275' title='bbox 840 4285 955 4350; x_wconf 86' lang='lat' dir='ltr'><strong>honore</strong></span> <span class='ocrx_word' id='word_1_276' title='bbox 970 4303 1092 4353; x_wconf 83' lang='lat' dir='ltr'><strong>comus.</strong></span> 
     </span>
    </p>
   </div>
   <div class='ocr_carea' id='block_1_6' title="bbox 1123 4366 1265 4456">
    <p class='ocr_par' dir='ltr' id='par_1_9' title="bbox 1123 4366 1265 4456">
     <span class='ocr_line' id='line_1_40' title="bbox 1123 4366 1265 4456; baseline -0.056 -21"><span class='ocrx_word' id='word_1_277' title='bbox 1123 4371 1178 4456; x_wconf 84' lang='lat'><strong>5,6</strong></span> <span class='ocrx_word' id='word_1_278' title='bbox 1196 4366 1265 4437; x_wconf 75' lang='lat' dir='ltr'><strong>ocu</strong></span> 
     </span>
    </p>
   </div>
   <div class='ocr_carea' id='block_1_7' title="bbox 0 0 1600 5534">
    <p class='ocr_par' dir='ltr' id='par_1_10' title="bbox 0 0 1600 5534">
     <span class='ocr_line' id='line_1_41' title="bbox 0 0 1600 5534; baseline 0 4"><span class='ocrx_word' id='word_1_279' title='bbox 0 0 1600 5534; x_wconf 95' lang='lat' dir='ltr'><strong> </strong></span> 
     </span>
    </p>
   </div>
  </div>
 </body>
</html>
