3192 5534
360 662 397 740 2'
560 706 1049 789 uorononrn
1221 737 1293 810 an

588 972 592 979 ·
664 884 945 1008 sennar.

322 1083 416 1159 Venit
434 1091 465 1155 in
479 1097 597 1157 areolas
612 1080 695 1155 'notri
709 1107 800 1155 meus
817 1087 899 1174 Ignis
913 1087 1038 1179 οόοηε,

406 1178 488 1240 Inter
503 1192 538 1239 ut
555 1179 608 1239 has
625 1174 750 1256 pascens
767 1172 834 1238 lilia
848 1191 941 1238 uerna
955 1176 1048 1274 legar.

318 1258 385 1324 Hic
403 1259 476 1322 mihi
493 1258 524 1322 se
540 1258 635 1341 vovit,
656 1258 772 1340 conjux
788 1276 848 1340 ego
861 1255 975 1322 debeor
989 1261 1050 1345 illi,

405 1339 492 1406 Lilia
508 1342 559 1406 cui
575 1341 702 1429 surgunt
718 1342 793 1405 inter
810 1348 935 1408 tmoenu
950 1339 1054 1427 dapes.

542 1529 546 1537 “
641 1519 963 1589 SPONSUS·

317 1662 373 1736 Tu
389 1664 507 1754 Titne,
525 1668 668 1755 Solymes
685 1687 720 1736 tu
735 1667 843 1735 forma
859 1670 984 1737 dotibus
1000 1690 1102 1756 equas

410 1749 524 1838 Tena,
542 1775 600 1818 nec
619 1755 665 1819 est'
678 1754 760 1818 acies
778 1752 887 1819 structa
902 1755 1039 1820 timenda
1053 1758 1161 1856 ningit.

317 1833 456 1903 Lumina
474 1835 561 1903 neue
578 1853 668 1920 retro,
689 1856 759 1902 mea
777 1841 843 1921 lux,
861 1858 920 1923 ego
935 1840 1044 1904 vincor
1059 1841 1097 1905 ab
1112 1843 1197 1928 illi23

411 1920 542 2005 Vincet,
562 1921 592 1986 dr
608 1923 717 1988 obtutu
733 1939 876 1985 maceror
892 1921 989 2004 usque
1006 1938 1073 1988 tuo.

317 2001 446 2070 Vellera
462 2004 595 2069 caesaries
611 2005 740 2088 superat,
759 2023 828 2085 quae
842 2004 950 2069 lucida
963 2004 1059 2091 gestat

410 2087 447 2149 ln
465 2088 628 2153 Gileadaeis
645 2089 728 2171 pasta
742 2091 863 2170 capella
875 2088 970 2185 jugis.

317 2165 398 2234 Sunt
413 2171 498 2249 pofiri
515 2170 633 2255 dentes,
648 2171 758 2254 liquidi
774 2182 835 2237 eeu
847 2169 943 2237 founs
959 2170 1000 2235 ab
1015 2169 1108 2236 undia

401 2252 486 2317 Cum
502 2258 579 2320 tonsi
595 2254 724 2319 redeunt
740 2254 772 2317 in
788 2273 870 2319 nova
885 2269 970 2335 prata
984 2271 1101 2339 greges.

312 2329 533 2423 Candor-inest
550 2338 668 2423 nivene,
687 2351 775 2419 partu
789 2335 940 2402 foeeunda
953 2337 1095 2424 gemello

403 2418 498 2482 H'aud
514 2420 601 2485 aliter
619 2421 688 2484 loto
705 2416 821 2484 vellere
837 2423 922 2484 lucet
937 2419 1013 2486 ovis.
1148 2421 1152 2427 ’

315 2494 477 2582 Tempora
492 2503 631 2585 puniceis
646 2501 771 2568 rutilant
786 2503 969 2569 circumflua
983 2501 1083 2586 cirris,

403 2583 502 2648 Poma
516 2588 602 2651 velut
616 2587 717 2670 granis
732 2587 891 2652 nobilitata
904 2587 1016 2653 rubrin

313 2656 400 2732 Huic
419 2683 464 2731 rer
479 2666 509 2732 vi
530 2666 629 2736 intiR
668 2670 744 2752 inas,
764 2670 858 2753 Regis
873 2670 991 2735 amicae

398 2751 485 2817 Huic
503 2689 605 2817 {ecies
622 2773 643 2816 o
675 2773 697 2816 o
712 2752 824 2816 nobilis
841 2755 914 2816 aula
928 2749 1026 2818 foveri

311 2824 427 2898 Turba
441 2834 585 2917 puellaris
601 2854 732 2900 numero
747 2855 812 2900 non
827 2834 992 2919 clauditur,
1011 2853 1073 2902 una

398 2907 461 2984 Sed
475 2934 556 2999 mea,
575 2919 597 2984 fi
614 2917 749 3002 confers,
767 2919 838 2983 labe
854 2917 1014 2984 Columba
1026 2932 1132 2989 vacet:
1187 2945 1189 2953 ·

311 2997 392 3068 Sola
408 3000 483 3064 nitet
498 3002 604 3066 multis
622 3000 639 3066 ὲ
656 3002 807 3084 millibus,
826 3003 919 3069 unica
933 3006 1048 3088 proles,

288 3151 292 3159 ,
396 3081 531 3166 Spesque
550 3085 705 3168 genitricis
720 3084 932 3163 deliciumque
947 3089 1018 3148 sua.

307 3163 405 3231 Hanc
422 3166 474 3243 ubi
490 3164 641 3250 viderunt,
662 3165 796 3230 nimium
812 3163 917 3227 dixere
932 3165 1056 3230 beatam

405 3247 629 3334 Virgineusque
646 3249 772 3328 chorus,
790 3246 992 3329 latteolaeque
1006 3264 1111 3315 nurus.

311 3328 494 3398 Laudavere
512 3332 589 3395 thuri
606 3330 699 3396 sociae
715 3329 825 3416 regalis
840 3330 959 3414 amice,

398 3412 607 3496 thuotquot
622 3413 701 3561 Reffi
719 3413 900 3479 conseruere
915 3417 1007 3479 latus.

309 3501 391 3586 Quae
408 3498 462 3561 tibi
480 3499 664 3592 censendae
689 3547 700 3579 ‚
718 3497 820 3562 radios
838 3514 937 3590 quarn
949 3497 1049 3563 cernis
1064 3492 1164 3586 Eoos,
1257 3534 1262 3571 ,-

308 3578 1036 3744 <nssffiffifflffifflffissfflfflffi?

397 3745 449 3814 Ut
465 3765 541 3811 cum
557 3744 612 3821 snb
630 3746 717 3831 fignis
734 3743 788 3811 stat
803 3749 944 3830 clypeata
957 3747 1053 3836 segre.

444 3948 447 3957 ’
563 3987 565 3991 .
651 3926 930 3996 SPONSA.

302 4076 376 4163 Qui
395 4073 469 4141 mill
487 4079 613 4143 florebat
629 4077 730 4161 pomis
746 4074 891 4151 felicibus
907 4077 1036 4151 nortun
1109 4143 1112 4150 .

396 4160 498 4249 invifi,
518 4163 548 4237 &
564 4164 662 4235 valles
676 4159 832 4232 fertilitate
846 4180 950 4250 pares:
1081 4236 1083 4243 .

1178 4328 1286 4422 Anxie
